  <div class='ocr_page' id='page_1' title='image "/cluster/home/n/w/nwhite01/storage/ocr_20150623/144/hvd.32044073502593/429.png"; bbox 0 0 4012 6236; ppageno 0'>
   <div class='ocr_carea' id='block_1_1' title="bbox 499 245 605 315">
    <p class='ocr_par' dir='ltr' id='par_1_1' title="bbox 499 245 605 315">
     <span class='ocr_line' id='line_1_1' title="bbox 499 245 605 315; baseline 0 -4"><span class='ocrx_word' id='word_1_1' title='bbox 499 245 605 315; x_wconf 72' lang='grc'><strong>847</strong></span> 
     </span>
    </p>
   </div>
   <div class='ocr_carea' id='block_1_2' title="bbox 1382 253 2821 329">
    <p class='ocr_par' dir='ltr' id='par_1_2' title="bbox 1382 253 2821 329">
     <span class='ocr_line' id='line_1_2' title="bbox 1382 253 2821 329; baseline 0.002 -10"><span class='ocrx_word' id='word_1_2' title='bbox 1382 253 1455 319; x_wconf 80' lang='grc' dir='ltr'><strong>Ῥ.</strong></span> <span class='ocrx_word' id='word_1_3' title='bbox 1486 254 1793 318; x_wconf 81' lang='lat' dir='ltr'><strong>POSSINI</strong></span> <span class='ocrx_word' id='word_1_4' title='bbox 1830 254 2478 329; x_wconf 64' lang='lat' dir='ltr'><strong>OBSERVATIONUM</strong></span> <span class='ocrx_word' id='word_1_5' title='bbox 2519 258 2666 323; x_wconf 84' lang='lat' dir='ltr'><strong>LIB.</strong></span> <span class='ocrx_word' id='word_1_6' title='bbox 2707 258 2821 322; x_wconf 87' lang='grc' dir='ltr'><strong>ΙΙΙ.</strong></span> 
     </span>
    </p>
   </div>
   <div class='ocr_carea' id='block_1_3' title="bbox 3629 260 3737 327">
    <p class='ocr_par' dir='ltr' id='par_1_3' title="bbox 3629 260 3737 327">
     <span class='ocr_line' id='line_1_3' title="bbox 3629 260 3737 327; baseline 0 -3"><span class='ocrx_word' id='word_1_7' title='bbox 3629 260 3737 327; x_wconf 68' lang='grc'><strong>848</strong></span> 
     </span>
    </p>
   </div>
   <div class='ocr_carea' id='block_1_4' title="bbox 476 350 3742 447">
    <p class='ocr_par' dir='ltr' id='par_1_4' title="bbox 476 350 3742 447">
     <span class='ocr_line' id='line_1_4' title="bbox 476 350 3742 447; baseline 0.002 -23"><span class='ocrx_word' id='word_1_8' title='bbox 476 350 626 424; x_wconf 54' lang='lat' dir='ltr'><strong>&quot;sum</strong></span> <span class='ocrx_word' id='word_1_9' title='bbox 668 365 823 443; x_wconf 75' lang='lat' dir='ltr'><strong>lateri</strong></span> <span class='ocrx_word' id='word_1_10' title='bbox 849 367 1088 424; x_wconf 79' lang='lat' dir='ltr'><strong>litteram</strong></span> <span class='ocrx_word' id='word_1_11' title='bbox 1144 366 1196 423; x_wconf 80' lang='grc' dir='ltr'><strong>’Β</strong></span> <span class='ocrx_word' id='word_1_12' title='bbox 1230 366 1402 425; x_wconf 83' lang='lat' dir='ltr'><strong>habet</strong></span> <span class='ocrx_word' id='word_1_13' title='bbox 1450 368 1505 425; x_wconf 92' lang='lat' dir='ltr'><strong>in</strong></span> <span class='ocrx_word' id='word_1_14' title='bbox 1566 362 1772 443; x_wconf 82' lang='lat' dir='ltr'><strong>vulgari</strong></span> <span class='ocrx_word' id='word_1_15' title='bbox 1804 370 2071 428; x_wconf 78' lang='lat' dir='ltr'><strong>Kalenda-</strong></span> <span class='ocrx_word' id='word_1_16' title='bbox 2104 378 2148 433; x_wconf 73' lang='grc' dir='ltr'><strong>Α</strong></span> <span class='ocrx_word' id='word_1_17' title='bbox 2179 386 2208 425; x_wconf 89' lang='lat' dir='ltr'><strong>a</strong></span> <span class='ocrx_word' id='word_1_18' title='bbox 2229 370 2440 428; x_wconf 80' lang='lat' dir='ltr'><strong>Joanne</strong></span> <span class='ocrx_word' id='word_1_19' title='bbox 2466 372 2663 430; x_wconf 81' lang='lat' dir='ltr'><strong>Cosma</strong></span> <span class='ocrx_word' id='word_1_20' title='bbox 2697 389 2883 429; x_wconf 88' lang='lat' dir='ltr'><strong>coram</strong></span> <span class='ocrx_word' id='word_1_21' title='bbox 2914 373 2966 428; x_wconf 89' lang='lat' dir='ltr'><strong>in</strong></span> <span class='ocrx_word' id='word_1_22' title='bbox 2985 388 3046 429; x_wconf 89' lang='lat' dir='ltr'><strong>os</strong></span> <span class='ocrx_word' id='word_1_23' title='bbox 3070 375 3381 431; x_wconf 79' lang='lat' dir='ltr'><strong>Andronico</strong></span> <span class='ocrx_word' id='word_1_24' title='bbox 3401 375 3742 447; x_wconf 82' lang='lat' dir='ltr'><strong>Augustnin-</strong></span> 
     </span>
    </p>
   </div>
   <div class='ocr_carea' id='block_1_5' title="bbox 501 461 2071 536">
    <p class='ocr_par' dir='ltr' id='par_1_5' title="bbox 501 461 2071 536">
     <span class='ocr_line' id='line_1_5' title="bbox 501 461 2071 536; baseline 0.002 -22"><span class='ocrx_word' id='word_1_25' title='bbox 501 461 605 526; x_wconf 89' lang='lat' dir='ltr'><strong>rio,</strong></span> <span class='ocrx_word' id='word_1_26' title='bbox 640 468 799 527; x_wconf 89' lang='lat' dir='ltr'><strong>prout</strong></span> <span class='ocrx_word' id='word_1_27' title='bbox 820 468 1138 531; x_wconf 87' lang='lat' dir='ltr'><strong>oportuerat</strong></span> <span class='ocrx_word' id='word_1_28' title='bbox 1162 472 1220 516; x_wconf 91' lang='lat' dir='ltr'><strong>ut</strong></span> <span class='ocrx_word' id='word_1_29' title='bbox 1245 461 1378 517; x_wconf 86' lang='lat' dir='ltr'><strong>feria</strong></span> <span class='ocrx_word' id='word_1_30' title='bbox 1416 474 1572 519; x_wconf 82' lang='lat' dir='ltr'><strong>sexta</strong></span> <span class='ocrx_word' id='word_1_31' title='bbox 1620 464 1833 521; x_wconf 84' lang='lat' dir='ltr'><strong>censeri</strong></span> <span class='ocrx_word' id='word_1_32' title='bbox 1868 475 2071 536; x_wconf 82' lang='lat' dir='ltr'><strong>posset,</strong></span> 
     </span>
    </p>
   </div>
   <div class='ocr_carea' id='block_1_6' title="bbox 500 553 2073 629">
    <p class='ocr_par' dir='ltr' id='par_1_6' title="bbox 500 553 2073 629">
     <span class='ocr_line' id='line_1_6' title="bbox 500 553 2073 629; baseline 0.004 -21"><span class='ocrx_word' id='word_1_33' title='bbox 500 557 595 629; x_wconf 83' lang='lat' dir='ltr'><strong>sed</strong></span> <span class='ocrx_word' id='word_1_34' title='bbox 623 554 862 611; x_wconf 84' lang='lat' dir='ltr'><strong>litteram</strong></span> <span class='ocrx_word' id='word_1_35' title='bbox 901 554 965 621; x_wconf 82' lang='lat' dir='ltr'><strong>F,</strong></span> <span class='ocrx_word' id='word_1_36' title='bbox 998 553 1148 621; x_wconf 69' lang='lat' dir='ltr'><strong>feriat</strong></span> <span class='ocrx_word' id='word_1_37' title='bbox 1184 557 1352 614; x_wconf 64' lang='lat' dir='ltr'><strong>tertia:</strong></span> <span class='ocrx_word' id='word_1_38' title='bbox 1403 557 1634 614; x_wconf 79' lang='lat' dir='ltr'><strong>indicem</strong></span> <span class='ocrx_word' id='word_1_39' title='bbox 1661 560 1880 629; x_wconf 84' lang='lat' dir='ltr'><strong>quando</strong></span> <span class='ocrx_word' id='word_1_40' title='bbox 1916 558 1957 613; x_wconf 77' lang='grc' dir='ltr'><strong>Β</strong></span> <span class='ocrx_word' id='word_1_41' title='bbox 1990 558 2073 615; x_wconf 85' lang='lat' dir='ltr'><strong>fe-</strong></span> 
     </span>
    </p>
   </div>
   <div class='ocr_carea' id='block_1_7' title="bbox 502 646 2068 722">
    <p class='ocr_par' dir='ltr' id='par_1_7' title="bbox 502 646 2068 722">
     <span class='ocr_line' id='line_1_7' title="bbox 502 646 2068 722; baseline 0.006 -23"><span class='ocrx_word' id='word_1_42' title='bbox 502 646 638 700; x_wconf 81' lang='lat' dir='ltr'><strong>riam</strong></span> <span class='ocrx_word' id='word_1_43' title='bbox 721 647 952 716; x_wconf 82' lang='lat' dir='ltr'><strong>primam</strong></span> <span class='ocrx_word' id='word_1_44' title='bbox 1017 647 1131 703; x_wconf 82' lang='lat' dir='ltr'><strong>sive</strong></span> <span class='ocrx_word' id='word_1_45' title='bbox 1185 647 1327 702; x_wconf 87' lang='lat' dir='ltr'><strong>diem</strong></span> <span class='ocrx_word' id='word_1_46' title='bbox 1389 649 1723 709; x_wconf 87' lang='lat' dir='ltr'><strong>Dominicam</strong></span> <span class='ocrx_word' id='word_1_47' title='bbox 1797 652 2068 722; x_wconf 80' lang='lat' dir='ltr'><strong>designat.</strong></span> 
     </span>
    </p>
   </div>
   <div class='ocr_carea' id='block_1_8' title="bbox 500 740 2069 816">
    <p class='ocr_par' dir='ltr' id='par_1_8' title="bbox 500 740 2069 816">
     <span class='ocr_line' id='line_1_8' title="bbox 500 740 2069 816; baseline 0.003 -19"><span class='ocrx_word' id='word_1_48' title='bbox 500 740 738 797; x_wconf 79' lang='lat' dir='ltr'><strong>Omnino</strong></span> <span class='ocrx_word' id='word_1_49' title='bbox 767 756 908 797; x_wconf 87' lang='lat' dir='ltr'><strong>unus</strong></span> <span class='ocrx_word' id='word_1_50' title='bbox 936 742 988 796; x_wconf 92' lang='lat' dir='ltr'><strong>in</strong></span> <span class='ocrx_word' id='word_1_51' title='bbox 1041 750 1156 801; x_wconf 91' lang='lat' dir='ltr'><strong>toto</strong></span> <span class='ocrx_word' id='word_1_52' title='bbox 1200 760 1343 799; x_wconf 87' lang='lat' dir='ltr'><strong>anno</strong></span> <span class='ocrx_word' id='word_1_53' title='bbox 1384 754 1469 800; x_wconf 81' lang='lat' dir='ltr'><strong>est</strong></span> <span class='ocrx_word' id='word_1_54' title='bbox 1511 746 1716 801; x_wconf 77' lang='lat' dir='ltr'><strong>mensis</strong></span> <span class='ocrx_word' id='word_1_55' title='bbox 1774 747 2069 816; x_wconf 82' lang='lat' dir='ltr'><strong>Angustus.</strong></span> 
     </span>
    </p>
   </div>
   <div class='ocr_carea' id='block_1_9' title="bbox 500 833 2074 908">
    <p class='ocr_par' dir='ltr' id='par_1_9' title="bbox 500 833 2074 908">
     <span class='ocr_line' id='line_1_9' title="bbox 500 833 2074 908; baseline 0.005 -20"><span class='ocrx_word' id='word_1_56' title='bbox 500 833 657 901; x_wconf 84' lang='lat' dir='ltr'><strong>cujus</strong></span> <span class='ocrx_word' id='word_1_57' title='bbox 684 834 790 889; x_wconf 89' lang='lat' dir='ltr'><strong>diei</strong></span> <span class='ocrx_word' id='word_1_58' title='bbox 831 837 1101 892; x_wconf 72' lang='lat' dir='ltr'><strong>vicesima:</strong></span> <span class='ocrx_word' id='word_1_59' title='bbox 1129 838 1318 908; x_wconf 78' lang='lat' dir='ltr'><strong>prima.-</strong></span> <span class='ocrx_word' id='word_1_60' title='bbox 1347 837 1526 893; x_wconf 89' lang='lat' dir='ltr'><strong>littera</strong></span> <span class='ocrx_word' id='word_1_61' title='bbox 1580 837 1621 892; x_wconf 83' lang='grc' dir='ltr'><strong><em>Β</em></strong></span> <span class='ocrx_word' id='word_1_62' title='bbox 1667 853 1811 895; x_wconf 90' lang='lat' dir='ltr'><strong>anno</strong></span> <span class='ocrx_word' id='word_1_63' title='bbox 1837 840 1936 895; x_wconf 88' lang='lat' dir='ltr'><strong>tali</strong></span> <span class='ocrx_word' id='word_1_64' title='bbox 1994 840 2074 896; x_wconf 83' lang='lat' dir='ltr'><strong>fe-</strong></span> 
     </span>
    </p>
   </div>
   <div class='ocr_carea' id='block_1_10' title="bbox 502 928 2070 1005">
    <p class='ocr_par' dir='ltr' id='par_1_10' title="bbox 502 928 2070 1005">
     <span class='ocr_line' id='line_1_10' title="bbox 502 928 2070 1005; baseline 0.006 -24"><span class='ocrx_word' id='word_1_65' title='bbox 502 928 639 981; x_wconf 85' lang='lat' dir='ltr'><strong>riam</strong></span> <span class='ocrx_word' id='word_1_66' title='bbox 691 936 904 984; x_wconf 81' lang='lat' dir='ltr'><strong>sextam</strong></span> <span class='ocrx_word' id='word_1_67' title='bbox 937 929 1186 985; x_wconf 87' lang='lat' dir='ltr'><strong>indicans</strong></span> <span class='ocrx_word' id='word_1_68' title='bbox 1228 931 1296 986; x_wconf 88' lang='lat' dir='ltr'><strong>ad</strong></span> <span class='ocrx_word' id='word_1_69' title='bbox 1352 930 1494 987; x_wconf 85' lang='lat' dir='ltr'><strong>latus</strong></span> <span class='ocrx_word' id='word_1_70' title='bbox 1551 932 1767 1005; x_wconf 80' lang='lat' dir='ltr'><strong>appicta</strong></span> <span class='ocrx_word' id='word_1_71' title='bbox 1803 936 2070 990; x_wconf 90' lang='lat' dir='ltr'><strong>cernitur.</strong></span> 
     </span>
    </p>
   </div>
   <div class='ocr_carea' id='block_1_11' title="bbox 502 1020 2073 1095">
    <p class='ocr_par' dir='ltr' id='par_1_11' title="bbox 502 1020 2073 1095">
     <span class='ocr_line' id='line_1_11' title="bbox 502 1020 2073 1095; baseline 0.007 -21"><span class='ocrx_word' id='word_1_72' title='bbox 502 1020 619 1075; x_wconf 78' lang='lat' dir='ltr'><strong>Hoc</strong></span> <span class='ocrx_word' id='word_1_73' title='bbox 648 1021 813 1092; x_wconf 88' lang='lat' dir='ltr'><strong>igitur</strong></span> <span class='ocrx_word' id='word_1_74' title='bbox 854 1022 971 1090; x_wconf 86' lang='lat' dir='ltr'><strong>ipso</strong></span> <span class='ocrx_word' id='word_1_75' title='bbox 1002 1038 1186 1077; x_wconf 90' lang='lat' dir='ltr'><strong>mense</strong></span> <span class='ocrx_word' id='word_1_76' title='bbox 1234 1022 1530 1095; x_wconf 72' lang='lat' dir='ltr'><strong>contigisse</strong></span> <span class='ocrx_word' id='word_1_77' title='bbox 1576 1026 1816 1095; x_wconf 83' lang='lat' dir='ltr'><strong>Oportuit</strong></span> <span class='ocrx_word' id='word_1_78' title='bbox 1865 1042 2073 1085; x_wconf 86' lang='lat' dir='ltr'><strong>memo-</strong></span> 
     </span>
    </p>
   </div>
   <div class='ocr_carea' id='block_1_12' title="bbox 500 1113 2074 1187">
    <p class='ocr_par' dir='ltr' id='par_1_12' title="bbox 500 1113 2074 1187">
     <span class='ocr_line' id='line_1_12' title="bbox 500 1113 2074 1187; baseline 0.005 -19"><span class='ocrx_word' id='word_1_79' title='bbox 500 1122 705 1179; x_wconf 88' lang='lat' dir='ltr'><strong>ratam,</strong></span> <span class='ocrx_word' id='word_1_80' title='bbox 731 1129 782 1185; x_wconf 90' lang='lat' dir='ltr'><strong>p.</strong></span> <span class='ocrx_word' id='word_1_81' title='bbox 812 1113 937 1181; x_wconf 70' lang='grc'><strong>584,</strong></span> <span class='ocrx_word' id='word_1_82' title='bbox 976 1130 1004 1167; x_wconf 88' lang='lat' dir='ltr'><strong>a</strong></span> <span class='ocrx_word' id='word_1_83' title='bbox 1038 1115 1374 1186; x_wconf 84' lang='lat' dir='ltr'><strong>Pacbymere</strong></span> <span class='ocrx_word' id='word_1_84' title='bbox 1407 1120 1804 1187; x_wconf 83' lang='lat' dir='ltr'><strong>promotionem</strong></span> <span class='ocrx_word' id='word_1_85' title='bbox 1831 1120 2074 1175; x_wconf 85' lang='lat' dir='ltr'><strong>Athana-</strong></span> 
     </span>
    </p>
   </div>
   <div class='ocr_carea' id='block_1_13' title="bbox 501 1200 2073 1269">
    <p class='ocr_par' dir='ltr' id='par_1_13' title="bbox 501 1200 2073 1269">
     <span class='ocr_line' id='line_1_13' title="bbox 501 1200 2073 1269; baseline 0.006 -10"><span class='ocrx_word' id='word_1_86' title='bbox 501 1205 588 1261; x_wconf 86' lang='lat' dir='ltr'><strong>sii.</strong></span> <span class='ocrx_word' id='word_1_87' title='bbox 619 1207 694 1261; x_wconf 90' lang='lat' dir='ltr'><strong>Ac</strong></span> <span class='ocrx_word' id='word_1_88' title='bbox 720 1220 851 1265; x_wconf 86' lang='lat' dir='ltr'><strong>sane</strong></span> <span class='ocrx_word' id='word_1_89' title='bbox 885 1207 1079 1267; x_wconf 81' lang='lat' dir='ltr'><strong>suadet</strong></span> <span class='ocrx_word' id='word_1_90' title='bbox 1126 1207 1267 1262; x_wconf 88' lang='lat' dir='ltr'><strong>idem</strong></span> <span class='ocrx_word' id='word_1_91' title='bbox 1296 1208 1388 1263; x_wconf 88' lang='lat' dir='ltr'><strong>ille</strong></span> <span class='ocrx_word' id='word_1_92' title='bbox 1440 1200 1734 1266; x_wconf 87' lang='lat' dir='ltr'><strong>vehemens</strong></span> <span class='ocrx_word' id='word_1_93' title='bbox 1792 1213 1922 1269; x_wconf 87' lang='lat' dir='ltr'><strong>solis</strong></span> <span class='ocrx_word' id='word_1_94' title='bbox 1971 1213 2073 1269; x_wconf 84' lang='lat' dir='ltr'><strong>fla-</strong></span> 
     </span>
    </p>
   </div>
   <div class='ocr_carea' id='block_1_14' title="bbox 502 1298 2071 1370">
    <p class='ocr_par' dir='ltr' id='par_1_14' title="bbox 502 1298 2071 1370">
     <span class='ocr_line' id='line_1_14' title="bbox 502 1298 2071 1370; baseline 0.007 -19"><span class='ocrx_word' id='word_1_95' title='bbox 502 1298 711 1369; x_wconf 82' lang='lat' dir='ltr'><strong>grantis</strong></span> <span class='ocrx_word' id='word_1_96' title='bbox 725 1307 909 1367; x_wconf 83' lang='lat' dir='ltr'><strong>aestus,</strong></span> <span class='ocrx_word' id='word_1_97' title='bbox 925 1315 1031 1370; x_wconf 89' lang='lat' dir='ltr'><strong>quo</strong></span> <span class='ocrx_word' id='word_1_98' title='bbox 1051 1310 1332 1356; x_wconf 79' lang='lat' dir='ltr'><strong>excoctum</strong></span> <span class='ocrx_word' id='word_1_99' title='bbox 1360 1301 1533 1360; x_wconf 87' lang='lat' dir='ltr'><strong>fuisse</strong></span> <span class='ocrx_word' id='word_1_100' title='bbox 1559 1305 1925 1361; x_wconf 77' lang='lat' dir='ltr'><strong>Andronicum</strong></span> <span class='ocrx_word' id='word_1_101' title='bbox 1946 1309 2071 1362; x_wconf 88' lang='lat' dir='ltr'><strong>dum</strong></span> 
     </span>
    </p>
   </div>
   <div class='ocr_carea' id='block_1_15' title="bbox 500 1389 2071 1470">
    <p class='ocr_par' dir='ltr' id='par_1_15' title="bbox 500 1389 2071 1470">
     <span class='ocr_line' id='line_1_15' title="bbox 500 1389 2071 1470; baseline 0.004 -24"><span class='ocrx_word' id='word_1_102' title='bbox 500 1389 610 1446; x_wconf 84' lang='lat' dir='ltr'><strong>hoc</strong></span> <span class='ocrx_word' id='word_1_103' title='bbox 638 1402 826 1461; x_wconf 81' lang='lat' dir='ltr'><strong>ageret</strong></span> <span class='ocrx_word' id='word_1_104' title='bbox 854 1391 1226 1464; x_wconf 81' lang='lat' dir='ltr'><strong>Pacliymeres</strong></span> <span class='ocrx_word' id='word_1_105' title='bbox 1264 1394 1439 1450; x_wconf 90' lang='lat' dir='ltr'><strong>innuit</strong></span> <span class='ocrx_word' id='word_1_106' title='bbox 1466 1396 1648 1451; x_wconf 85' lang='lat' dir='ltr'><strong>verbis</strong></span> <span class='ocrx_word' id='word_1_107' title='bbox 1672 1396 1802 1465; x_wconf 81' lang='lat' dir='ltr'><strong>illis,</strong></span> <span class='ocrx_word' id='word_1_108' title='bbox 1825 1397 1918 1453; x_wconf 80' lang='grc' dir='ltr'><strong>ὑπ’</strong></span> <span class='ocrx_word' id='word_1_109' title='bbox 1947 1400 2071 1470; x_wconf 76' lang='grc' dir='ltr'><strong>ἀέρι</strong></span> 
     </span>
    </p>
   </div>
   <div class='ocr_carea' id='block_1_16' title="bbox 502 1484 2070 1564">
    <p class='ocr_par' dir='ltr' id='par_1_16' title="bbox 502 1484 2070 1564">
     <span class='ocr_line' id='line_1_16' title="bbox 502 1484 2070 1564; baseline 0.006 -27"><span class='ocrx_word' id='word_1_110' title='bbox 502 1484 617 1555; x_wconf 79' lang='grc' dir='ltr'><strong>πῦρ</strong></span> <span class='ocrx_word' id='word_1_111' title='bbox 663 1485 876 1539; x_wconf 80' lang='grc' dir='ltr'><strong>πνέοντι</strong></span> <span class='ocrx_word' id='word_1_112' title='bbox 913 1487 1008 1540; x_wconf 72' lang='grc' dir='ltr'><strong>καὶ</strong></span> <span class='ocrx_word' id='word_1_113' title='bbox 1047 1487 1288 1558; x_wconf 80' lang='grc' dir='ltr'><strong>καιρικῷ</strong></span> <span class='ocrx_word' id='word_1_114' title='bbox 1346 1488 1549 1555; x_wconf 70' lang='grc' dir='ltr'><strong>πνίγει,</strong></span> <span class='ocrx_word' id='word_1_115' title='bbox 1585 1490 1681 1544; x_wconf 79' lang='lat' dir='ltr'><strong>sub</strong></span> <span class='ocrx_word' id='word_1_116' title='bbox 1720 1508 1841 1547; x_wconf 82' lang='lat' dir='ltr'><strong>aere</strong></span> <span class='ocrx_word' id='word_1_117' title='bbox 1902 1493 2070 1564; x_wconf 78' lang='lat' dir='ltr'><strong>ignem</strong></span> 
     </span>
    </p>
   </div>
   <div class='ocr_carea' id='block_1_17' title="bbox 500 1578 2075 1653">
    <p class='ocr_par' dir='ltr' id='par_1_17' title="bbox 500 1578 2075 1653">
     <span class='ocr_line' id='line_1_17' title="bbox 500 1578 2075 1653; baseline 0.005 -21"><span class='ocrx_word' id='word_1_118' title='bbox 500 1578 761 1644; x_wconf 79' lang='lat' dir='ltr'><strong>spirante,</strong></span> <span class='ocrx_word' id='word_1_119' title='bbox 786 1595 848 1632; x_wconf 85' lang='lat' dir='ltr'><strong>ac</strong></span> <span class='ocrx_word' id='word_1_120' title='bbox 896 1588 1053 1646; x_wconf 81' lang='lat' dir='ltr'><strong>prout</strong></span> <span class='ocrx_word' id='word_1_121' title='bbox 1098 1580 1194 1633; x_wconf 81' lang='lat' dir='ltr'><strong>tali</strong></span> <span class='ocrx_word' id='word_1_122' title='bbox 1248 1587 1550 1650; x_wconf 81' lang='lat' dir='ltr'><strong>tempestate</strong></span> <span class='ocrx_word' id='word_1_123' title='bbox 1590 1582 1722 1636; x_wconf 82' lang='lat' dir='ltr'><strong>solet</strong></span> <span class='ocrx_word' id='word_1_124' title='bbox 1770 1585 1907 1653; x_wconf 75' lang='lat' dir='ltr'><strong>ﬁeri,</strong></span> <span class='ocrx_word' id='word_1_125' title='bbox 1948 1602 2075 1653; x_wconf 78' lang='lat' dir='ltr'><strong>pene</strong></span> 
     </span>
    </p>
   </div>
   <div class='ocr_carea' id='block_1_18' title="bbox 500 1668 2073 1737">
    <p class='ocr_par' dir='ltr' id='par_1_18' title="bbox 500 1668 2073 1737">
     <span class='ocr_line' id='line_1_18' title="bbox 500 1668 2073 1737; baseline 0.006 -14"><span class='ocrx_word' id='word_1_126' title='bbox 500 1668 795 1737; x_wconf 70' lang='lat' dir='ltr'><strong>stt/Iocatus</strong></span> <span class='ocrx_word' id='word_1_127' title='bbox 824 1670 1089 1724; x_wconf 75' lang='lat' dir='ltr'><strong>trahentes</strong></span> <span class='ocrx_word' id='word_1_128' title='bbox 1120 1670 1365 1724; x_wconf 80' lang='lat' dir='ltr'><strong>halitum.</strong></span> <span class='ocrx_word' id='word_1_129' title='bbox 1401 1670 1532 1737; x_wconf 71' lang='lat' dir='ltr'><strong>Qum</strong></span> <span class='ocrx_word' id='word_1_130' title='bbox 1579 1688 1739 1727; x_wconf 88' lang='lat' dir='ltr'><strong>nemo</strong></span> <span class='ocrx_word' id='word_1_131' title='bbox 1780 1692 1883 1729; x_wconf 87' lang='lat' dir='ltr'><strong>non</strong></span> <span class='ocrx_word' id='word_1_132' title='bbox 1936 1677 2073 1733; x_wconf 55' lang='lat' dir='ltr'><strong>fuite-</strong></span> 
     </span>
    </p>
   </div>
   <div class='ocr_carea' id='block_1_19' title="bbox 502 1761 2119 1841">
    <p class='ocr_par' dir='ltr' id='par_1_19' title="bbox 502 1761 2119 1841">
     <span class='ocr_line' id='line_1_19' title="bbox 502 1761 2119 1841; baseline 0.006 -24"><span class='ocrx_word' id='word_1_133' title='bbox 502 1762 650 1817; x_wconf 86' lang='lat' dir='ltr'><strong>hitur</strong></span> <span class='ocrx_word' id='word_1_134' title='bbox 671 1761 864 1818; x_wconf 81' lang='lat' dir='ltr'><strong>Sextili</strong></span> <span class='ocrx_word' id='word_1_135' title='bbox 905 1766 1021 1820; x_wconf 85' lang='lat' dir='ltr'><strong>sive</strong></span> <span class='ocrx_word' id='word_1_136' title='bbox 1041 1764 1284 1833; x_wconf 85' lang='lat' dir='ltr'><strong>Angusto</strong></span> <span class='ocrx_word' id='word_1_137' title='bbox 1315 1767 1515 1829; x_wconf 87' lang='lat' dir='ltr'><strong>mensi,</strong></span> <span class='ocrx_word' id='word_1_138' title='bbox 1540 1766 1641 1823; x_wconf 88' lang='lat' dir='ltr'><strong>sub</strong></span> <span class='ocrx_word' id='word_1_139' title='bbox 1694 1766 1891 1824; x_wconf 85' lang='lat' dir='ltr'><strong>Leonis</strong></span> <span class='ocrx_word' id='word_1_140' title='bbox 1919 1771 2073 1841; x_wconf 88' lang='lat' dir='ltr'><strong>signo</strong></span> <span class='ocrx_word' id='word_1_141' title='bbox 2109 1761 2119 1788; x_wconf 80' lang='lat'><strong><em>&quot;</em></strong></span> 
     </span>
    </p>
   </div>
   <div class='ocr_carea' id='block_1_20' title="bbox 502 1855 2072 1927">
    <p class='ocr_par' dir='ltr' id='par_1_20' title="bbox 502 1855 2072 1927">
     <span class='ocr_line' id='line_1_20' title="bbox 502 1855 2072 1927; baseline 0.006 -17"><span class='ocrx_word' id='word_1_142' title='bbox 502 1866 556 1910; x_wconf 89' lang='lat' dir='ltr'><strong>et</strong></span> <span class='ocrx_word' id='word_1_143' title='bbox 586 1855 863 1911; x_wconf 73' lang='lat' dir='ltr'><strong>Caniculae</strong></span> <span class='ocrx_word' id='word_1_144' title='bbox 908 1856 1091 1911; x_wconf 83' lang='lat' dir='ltr'><strong>sidere</strong></span> <span class='ocrx_word' id='word_1_145' title='bbox 1146 1856 1303 1927; x_wconf 87' lang='lat' dir='ltr'><strong>longe</strong></span> <span class='ocrx_word' id='word_1_146' title='bbox 1358 1858 1601 1914; x_wconf 90' lang='lat' dir='ltr'><strong>omnium</strong></span> <span class='ocrx_word' id='word_1_147' title='bbox 1667 1862 2072 1927; x_wconf 88' lang='lat' dir='ltr'><strong>ardentissimo,</strong></span> 
     </span>
    </p>
   </div>
   <div class='ocr_carea' id='block_1_21' title="bbox 502 1946 1044 2003">
    <p class='ocr_par' dir='ltr' id='par_1_21' title="bbox 502 1946 1044 2003">
     <span class='ocr_line' id='line_1_21' title="bbox 502 1946 1044 2003; baseline 0.006 -3"><span class='ocrx_word' id='word_1_148' title='bbox 502 1946 703 2001; x_wconf 81' lang='lat' dir='ltr'><strong>eximie</strong></span> <span class='ocrx_word' id='word_1_149' title='bbox 735 1951 1044 2003; x_wconf 84' lang='lat' dir='ltr'><strong>convenire.</strong></span> 
     </span>
    </p>
   </div>
   <div class='ocr_carea' id='block_1_22' title="bbox 574 2037 2075 2122">
    <p class='ocr_par' dir='ltr' id='par_1_22' title="bbox 574 2037 2075 2122">
     <span class='ocr_line' id='line_1_22' title="bbox 574 2037 2075 2122; baseline 0.007 -28"><span class='ocrx_word' id='word_1_150' title='bbox 574 2037 666 2096; x_wconf 73' lang='lat' dir='ltr'><strong>Vi.</strong></span> <span class='ocrx_word' id='word_1_151' title='bbox 700 2039 847 2097; x_wconf 90' lang='lat' dir='ltr'><strong>Idem</strong></span> <span class='ocrx_word' id='word_1_152' title='bbox 882 2042 1081 2097; x_wconf 82' lang='lat' dir='ltr'><strong>astruit</strong></span> <span class='ocrx_word' id='word_1_153' title='bbox 1111 2042 1244 2099; x_wconf 86' lang='lat' dir='ltr'><strong>ordo</strong></span> <span class='ocrx_word' id='word_1_154' title='bbox 1268 2053 1542 2113; x_wconf 84' lang='lat' dir='ltr'><strong>gestarum</strong></span> <span class='ocrx_word' id='word_1_155' title='bbox 1585 2052 1641 2102; x_wconf 87' lang='lat' dir='ltr'><strong>et</strong></span> <span class='ocrx_word' id='word_1_156' title='bbox 1673 2061 1702 2101; x_wconf 87' lang='lat' dir='ltr'><strong>a</strong></span> <span class='ocrx_word' id='word_1_157' title='bbox 1734 2046 2075 2122; x_wconf 87' lang='lat' dir='ltr'><strong>Pachymere</strong></span> 
     </span>
    </p>
   </div>
   <div class='ocr_carea' id='block_1_23' title="bbox 504 2141 2074 2211">
    <p class='ocr_par' dir='ltr' id='par_1_23' title="bbox 504 2141 2074 2211">
     <span class='ocr_line' id='line_1_23' title="bbox 504 2141 2074 2211; baseline 0.004 -20"><span class='ocrx_word' id='word_1_158' title='bbox 504 2143 931 2191; x_wconf 73' lang='lat' dir='ltr'><strong>memoratarum</strong></span> <span class='ocrx_word' id='word_1_159' title='bbox 974 2150 1180 2202; x_wconf 90' lang='lat' dir='ltr'><strong>rerum,</strong></span> <span class='ocrx_word' id='word_1_160' title='bbox 1214 2152 1335 2205; x_wconf 66' lang='lat' dir='ltr'><strong>qum</strong></span> <span class='ocrx_word' id='word_1_161' title='bbox 1367 2146 1561 2197; x_wconf 79' lang='lat' dir='ltr'><strong>exacte</strong></span> <span class='ocrx_word' id='word_1_162' title='bbox 1617 2146 1788 2195; x_wconf 87' lang='lat' dir='ltr'><strong>totum</strong></span> <span class='ocrx_word' id='word_1_163' title='bbox 1841 2141 2074 2211; x_wconf 76' lang='lat' dir='ltr'><strong>spatium</strong></span> 
     </span>
    </p>
   </div>
   <div class='ocr_carea' id='block_1_24' title="bbox 502 2226 2077 2303">
    <p class='ocr_par' dir='ltr' id='par_1_24' title="bbox 502 2226 2077 2303">
     <span class='ocr_line' id='line_1_24' title="bbox 502 2226 2077 2303; baseline 0.002 -19"><span class='ocrx_word' id='word_1_164' title='bbox 502 2229 651 2285; x_wconf 84' lang='lat' dir='ltr'><strong>inter</strong></span> <span class='ocrx_word' id='word_1_165' title='bbox 685 2228 825 2284; x_wconf 88' lang='lat' dir='ltr'><strong>diem</strong></span> <span class='ocrx_word' id='word_1_166' title='bbox 873 2227 934 2283; x_wconf 86' lang='lat' dir='ltr'><strong>l9</strong></span> <span class='ocrx_word' id='word_1_167' title='bbox 976 2226 1226 2283; x_wconf 78' lang='lat' dir='ltr'><strong>Januarii</strong></span> <span class='ocrx_word' id='word_1_168' title='bbox 1265 2237 1319 2284; x_wconf 91' lang='lat' dir='ltr'><strong>et</strong></span> <span class='ocrx_word' id='word_1_169' title='bbox 1359 2231 1559 2286; x_wconf 90' lang='lat' dir='ltr'><strong>mensis</strong></span> <span class='ocrx_word' id='word_1_170' title='bbox 1584 2230 2077 2303; x_wconf 63' lang='lat' dir='ltr'><strong>Augustiﬁlcom—</strong></span> 
     </span>
    </p>
   </div>
   <div class='ocr_carea' id='block_1_25' title="bbox 502 2320 2074 2394">
    <p class='ocr_par' dir='ltr' id='par_1_25' title="bbox 502 2320 2074 2394">
     <span class='ocr_line' id='line_1_25' title="bbox 502 2320 2074 2394; baseline 0.004 -18"><span class='ocrx_word' id='word_1_171' title='bbox 502 2324 675 2390; x_wconf 85' lang='lat' dir='ltr'><strong>plent,</strong></span> <span class='ocrx_word' id='word_1_172' title='bbox 729 2330 788 2376; x_wconf 87' lang='lat' dir='ltr'><strong>ut</strong></span> <span class='ocrx_word' id='word_1_173' title='bbox 852 2321 1093 2376; x_wconf 87' lang='lat' dir='ltr'><strong>breviter</strong></span> <span class='ocrx_word' id='word_1_174' title='bbox 1146 2322 1484 2379; x_wconf 89' lang='lat' dir='ltr'><strong>demonstro.</strong></span> <span class='ocrx_word' id='word_1_175' title='bbox 1526 2320 1715 2380; x_wconf 82' lang='lat' dir='ltr'><strong>Refert</strong></span> <span class='ocrx_word' id='word_1_176' title='bbox 1760 2323 2074 2394; x_wconf 87' lang='lat' dir='ltr'><strong>historicus,</strong></span> 
     </span>
    </p>
   </div>
   <div class='ocr_carea' id='block_1_26' title="bbox 502 2412 2075 2487">
    <p class='ocr_par' dir='ltr' id='par_1_26' title="bbox 502 2412 2075 2487">
     <span class='ocr_line' id='line_1_26' title="bbox 502 2412 2075 2487; baseline 0.003 -18"><span class='ocrx_word' id='word_1_177' title='bbox 502 2415 535 2469; x_wconf 84' lang='lat' dir='ltr'><strong>l.</strong></span> <span class='ocrx_word' id='word_1_178' title='bbox 575 2430 627 2478; x_wconf 76' lang='grc' dir='ltr'><strong>ν,</strong></span> <span class='ocrx_word' id='word_1_179' title='bbox 658 2429 708 2469; x_wconf 93' lang='lat' dir='ltr'><strong>c.</strong></span> <span class='ocrx_word' id='word_1_180' title='bbox 736 2415 793 2487; x_wconf 71' lang='lat'><strong>2,</strong></span> <span class='ocrx_word' id='word_1_181' title='bbox 826 2414 1010 2469; x_wconf 75' lang='lat' dir='ltr'><strong>statim</strong></span> <span class='ocrx_word' id='word_1_182' title='bbox 1040 2429 1069 2468; x_wconf 89' lang='lat' dir='ltr'><strong>a</strong></span> <span class='ocrx_word' id='word_1_183' title='bbox 1099 2412 1421 2485; x_wconf 86' lang='lat' dir='ltr'><strong>refrigerato</strong></span> <span class='ocrx_word' id='word_1_184' title='bbox 1477 2416 1657 2485; x_wconf 87' lang='lat' dir='ltr'><strong>primo</strong></span> <span class='ocrx_word' id='word_1_185' title='bbox 1684 2470 1689 2475; x_wconf 81' lang='grc'><strong><em>,</em></strong></span> <span class='ocrx_word' id='word_1_186' title='bbox 1713 2415 1805 2472; x_wconf 89' lang='lat' dir='ltr'><strong>illo</strong></span> <span class='ocrx_word' id='word_1_187' title='bbox 1852 2418 2075 2483; x_wconf 86' lang='lat' dir='ltr'><strong>ardore,</strong></span> 
     </span>
    </p>
   </div>
   <div class='ocr_carea' id='block_1_27' title="bbox 503 2498 2078 2575">
    <p class='ocr_par' dir='ltr' id='par_1_27' title="bbox 503 2498 2078 2575">
     <span class='ocr_line' id='line_1_27' title="bbox 503 2498 2078 2575; baseline 0.001 -13"><span class='ocrx_word' id='word_1_188' title='bbox 503 2524 614 2574; x_wconf 71' lang='lat' dir='ltr'><strong>quo</strong></span> <span class='ocrx_word' id='word_1_189' title='bbox 634 2507 687 2562; x_wconf 93' lang='lat' dir='ltr'><strong>in</strong></span> <span class='ocrx_word' id='word_1_190' title='bbox 714 2506 995 2561; x_wconf 82' lang='lat' dir='ltr'><strong>Athanasii</strong></span> <span class='ocrx_word' id='word_1_191' title='bbox 1013 2498 1407 2575; x_wconf 76' lang='lat' dir='ltr'><strong>repositionem</strong></span> <span class='ocrx_word' id='word_1_192' title='bbox 1429 2504 1484 2560; x_wconf 90' lang='lat' dir='ltr'><strong>in</strong></span> <span class='ocrx_word' id='word_1_193' title='bbox 1520 2506 1647 2562; x_wconf 88' lang='lat' dir='ltr'><strong>sede</strong></span> <span class='ocrx_word' id='word_1_194' title='bbox 1673 2506 1761 2562; x_wconf 88' lang='lat' dir='ltr'><strong>die</strong></span> <span class='ocrx_word' id='word_1_195' title='bbox 1786 2507 1854 2565; x_wconf 77' lang='lat' dir='ltr'><strong>i9</strong></span> <span class='ocrx_word' id='word_1_196' title='bbox 1879 2504 2078 2563; x_wconf 83' lang='lat' dir='ltr'><strong>Janua-</strong></span> 
     </span>
    </p>
   </div>
   <div class='ocr_carea' id='block_1_28' title="bbox 504 2596 2079 2670">
    <p class='ocr_par' dir='ltr' id='par_1_28' title="bbox 504 2596 2079 2670">
     <span class='ocr_line' id='line_1_28' title="bbox 504 2596 2079 2670; baseline 0.002 -15"><span class='ocrx_word' id='word_1_197' title='bbox 504 2601 569 2655; x_wconf 87' lang='lat' dir='ltr'><strong>rii</strong></span> <span class='ocrx_word' id='word_1_198' title='bbox 594 2598 795 2670; x_wconf 87' lang='lat' dir='ltr'><strong>passim</strong></span> <span class='ocrx_word' id='word_1_199' title='bbox 820 2612 1011 2654; x_wconf 88' lang='lat' dir='ltr'><strong>omnes</strong></span> <span class='ocrx_word' id='word_1_200' title='bbox 1036 2598 1245 2667; x_wconf 78' lang='lat' dir='ltr'><strong>abrepti</strong></span> <span class='ocrx_word' id='word_1_201' title='bbox 1273 2596 1511 2665; x_wconf 82' lang='lat' dir='ltr'><strong>fuerant,</strong></span> <span class='ocrx_word' id='word_1_202' title='bbox 1540 2613 1646 2655; x_wconf 90' lang='lat' dir='ltr'><strong>non</strong></span> <span class='ocrx_word' id='word_1_203' title='bbox 1682 2613 1886 2670; x_wconf 78' lang='lat' dir='ltr'><strong>paucos</strong></span> <span class='ocrx_word' id='word_1_204' title='bbox 1934 2601 2079 2657; x_wconf 84' lang='lat' dir='ltr'><strong>anti-</strong></span> 
     </span>
    </p>
   </div>
   <div class='ocr_carea' id='block_1_29' title="bbox 504 2690 2073 2759">
    <p class='ocr_par' dir='ltr' id='par_1_29' title="bbox 504 2690 2073 2759">
     <span class='ocr_line' id='line_1_29' title="bbox 504 2690 2073 2759; baseline 0.001 -11"><span class='ocrx_word' id='word_1_205' title='bbox 504 2696 691 2748; x_wconf 73' lang='lat' dir='ltr'><strong>stitum</strong></span> <span class='ocrx_word' id='word_1_206' title='bbox 748 2691 979 2747; x_wconf 80' lang='lat' dir='ltr'><strong>adversa</strong></span> <span class='ocrx_word' id='word_1_207' title='bbox 1025 2690 1071 2747; x_wconf 91' lang='lat' dir='ltr'><strong>ei</strong></span> <span class='ocrx_word' id='word_1_208' title='bbox 1119 2691 1447 2759; x_wconf 88' lang='lat' dir='ltr'><strong>promotioni</strong></span> <span class='ocrx_word' id='word_1_209' title='bbox 1487 2692 1661 2747; x_wconf 89' lang='lat' dir='ltr'><strong>studia</strong></span> <span class='ocrx_word' id='word_1_210' title='bbox 1720 2702 2073 2751; x_wconf 80' lang='lat' dir='ltr'><strong>monstrasse.</strong></span> 
     </span>
    </p>
   </div>
   <div class='ocr_carea' id='block_1_30' title="bbox 504 2778 2074 2851">
    <p class='ocr_par' dir='ltr' id='par_1_30' title="bbox 504 2778 2074 2851">
     <span class='ocr_line' id='line_1_30' title="bbox 504 2778 2074 2851; baseline 0.003 -17"><span class='ocrx_word' id='word_1_211' title='bbox 504 2785 619 2850; x_wconf 78' lang='lat' dir='ltr'><strong>Qua</strong></span> <span class='ocrx_word' id='word_1_212' title='bbox 666 2781 1014 2846; x_wconf 77' lang='lat' dir='ltr'><strong>contentione</strong></span> <span class='ocrx_word' id='word_1_213' title='bbox 1040 2780 1293 2844; x_wconf 74' lang='lat' dir='ltr'><strong>durante,</strong></span> <span class='ocrx_word' id='word_1_214' title='bbox 1352 2781 1504 2833; x_wconf 78' lang='lat' dir='ltr'><strong>addit</strong></span> <span class='ocrx_word' id='word_1_215' title='bbox 1551 2778 1911 2851; x_wconf 82' lang='lat' dir='ltr'><strong>Pacbymeres</strong></span> <span class='ocrx_word' id='word_1_216' title='bbox 1951 2799 2074 2839; x_wconf 81' lang='lat' dir='ltr'><strong>mox</strong></span> 
     </span>
    </p>
   </div>
   <div class='ocr_carea' id='block_1_31' title="bbox 506 2871 2076 2948">
    <p class='ocr_par' dir='ltr' id='par_1_31' title="bbox 506 2871 2076 2948">
     <span class='ocr_line' id='line_1_31' title="bbox 506 2871 2076 2948; baseline -0.01 -14"><span class='ocrx_word' id='word_1_217' title='bbox 506 2894 560 2947; x_wconf 84' lang='lat' dir='ltr'><strong>p.</strong></span> <span class='ocrx_word' id='word_1_218' title='bbox 591 2875 718 2943; x_wconf 67' lang='lat'><strong>576,</strong></span> <span class='ocrx_word' id='word_1_219' title='bbox 746 2876 1125 2933; x_wconf 67' lang='lat' dir='ltr'><strong>Andronium:</strong></span> <span class='ocrx_word' id='word_1_220' title='bbox 1146 2874 1337 2928; x_wconf 87' lang='lat' dir='ltr'><strong>diebus</strong></span> <span class='ocrx_word' id='word_1_221' title='bbox 1377 2871 1758 2947; x_wconf 68' lang='lat' dir='ltr'><strong>Tyrophagiaa,</strong></span> <span class='ocrx_word' id='word_1_222' title='bbox 1812 2876 1904 2948; x_wconf 86' lang='lat' dir='ltr'><strong>qui</strong></span> <span class='ocrx_word' id='word_1_223' title='bbox 1949 2892 2076 2946; x_wconf 69' lang='lat' dir='ltr'><strong>pro-</strong></span> 
     </span>
    </p>
   </div>
   <div class='ocr_carea' id='block_1_32' title="bbox 504 2964 2075 3046">
    <p class='ocr_par' dir='ltr' id='par_1_32' title="bbox 504 2964 2075 3046">
     <span class='ocr_line' id='line_1_32' title="bbox 504 2964 2075 3046; baseline -0.004 -21"><span class='ocrx_word' id='word_1_224' title='bbox 504 2970 648 3026; x_wconf 87' lang='lat' dir='ltr'><strong>xime</strong></span> <span class='ocrx_word' id='word_1_225' title='bbox 679 2968 1173 3046; x_wconf 81' lang='lat' dir='ltr'><strong>quadragenarium</strong></span> <span class='ocrx_word' id='word_1_226' title='bbox 1199 2964 1465 3036; x_wconf 79' lang='lat' dir='ltr'><strong>jejunium</strong></span> <span class='ocrx_word' id='word_1_227' title='bbox 1498 2972 1832 3037; x_wconf 60' lang='lat' dir='ltr'><strong>pracedunt,</strong></span> <span class='ocrx_word' id='word_1_228' title='bbox 1871 2967 2075 3024; x_wconf 76' lang='lat' dir='ltr'><strong>adiisse</strong></span> 
     </span>
    </p>
   </div>
   <div class='ocr_carea' id='block_1_33' title="bbox 2176 466 3745 537">
    <p class='ocr_par' dir='ltr' id='par_1_33' title="bbox 2176 466 3745 537">
     <span class='ocr_line' id='line_1_33' title="bbox 2176 466 3745 537; baseline 0.004 -20"><span class='ocrx_word' id='word_1_229' title='bbox 2176 466 2699 537; x_wconf 86' lang='lat' dir='ltr'><strong>tentatam;quibus</strong></span> <span class='ocrx_word' id='word_1_230' title='bbox 2767 466 3110 536; x_wconf 82' lang='lat' dir='ltr'><strong>absumptum</strong></span> <span class='ocrx_word' id='word_1_231' title='bbox 3149 467 3347 523; x_wconf 78' lang='lat' dir='ltr'><strong>Maium</strong></span> <span class='ocrx_word' id='word_1_232' title='bbox 3400 483 3640 524; x_wconf 85' lang='lat' dir='ltr'><strong>mensem</strong></span> <span class='ocrx_word' id='word_1_233' title='bbox 3692 480 3745 525; x_wconf 92' lang='lat' dir='ltr'><strong>ct</strong></span> 
     </span>
    </p>
   </div>
   <div class='ocr_carea' id='block_1_34' title="bbox 2174 554 3749 628">
    <p class='ocr_par' dir='ltr' id='par_1_34' title="bbox 2174 554 3749 628">
     <span class='ocr_line' id='line_1_34' title="bbox 2174 554 3749 628; baseline 0.004 -16"><span class='ocrx_word' id='word_1_234' title='bbox 2174 554 2396 613; x_wconf 89' lang='lat' dir='ltr'><strong>Junium</strong></span> <span class='ocrx_word' id='word_1_235' title='bbox 2440 573 2544 615; x_wconf 90' lang='lat' dir='ltr'><strong>non</strong></span> <span class='ocrx_word' id='word_1_236' title='bbox 2591 569 2794 615; x_wconf 83' lang='lat' dir='ltr'><strong>temere</strong></span> <span class='ocrx_word' id='word_1_237' title='bbox 2822 563 3060 628; x_wconf 83' lang='lat' dir='ltr'><strong>prudens</strong></span> <span class='ocrx_word' id='word_1_238' title='bbox 3106 561 3411 616; x_wconf 62' lang='lat' dir='ltr'><strong>aestimator</strong></span> <span class='ocrx_word' id='word_1_239' title='bbox 3462 576 3532 617; x_wconf 83' lang='lat' dir='ltr'><strong>ex</strong></span> <span class='ocrx_word' id='word_1_240' title='bbox 3574 557 3749 618; x_wconf 84' lang='lat' dir='ltr'><strong>histo-</strong></span> 
     </span>
    </p>
   </div>
   <div class='ocr_carea' id='block_1_35' title="bbox 2176 651 3747 722">
    <p class='ocr_par' dir='ltr' id='par_1_35' title="bbox 2176 651 3747 722">
     <span class='ocr_line' id='line_1_35' title="bbox 2176 651 3747 722; baseline 0.003 -18"><span class='ocrx_word' id='word_1_241' title='bbox 2176 651 2276 706; x_wconf 87' lang='lat' dir='ltr'><strong>rici</strong></span> <span class='ocrx_word' id='word_1_242' title='bbox 2308 651 2911 720; x_wconf 30' lang='lat' dir='ltr'><strong>verbis&#39;autumaverit,</strong></span> <span class='ocrx_word' id='word_1_243' title='bbox 2945 655 3117 711; x_wconf 88' lang='lat' dir='ltr'><strong>donec</strong></span> <span class='ocrx_word' id='word_1_244' title='bbox 3163 654 3350 711; x_wconf 86' lang='lat' dir='ltr'><strong>mense</strong></span> <span class='ocrx_word' id='word_1_245' title='bbox 3396 653 3564 722; x_wconf 87' lang='lat' dir='ltr'><strong>Jntio,</strong></span> <span class='ocrx_word' id='word_1_246' title='bbox 3614 654 3747 710; x_wconf 87' lang='lat' dir='ltr'><strong>nihil</strong></span> 
     </span>
    </p>
   </div>
   <div class='ocr_carea' id='block_1_36' title="bbox 2174 744 3779 813">
    <p class='ocr_par' dir='ltr' id='par_1_36' title="bbox 2174 744 3779 813">
     <span class='ocr_line' id='line_1_36' title="bbox 2174 744 3779 813; baseline 0.005 -16"><span class='ocrx_word' id='word_1_247' title='bbox 2174 744 2243 799; x_wconf 79' lang='lat' dir='ltr'><strong>ab</strong></span> <span class='ocrx_word' id='word_1_248' title='bbox 2306 744 2374 800; x_wconf 89' lang='lat' dir='ltr'><strong>iis</strong></span> <span class='ocrx_word' id='word_1_249' title='bbox 2448 746 2551 801; x_wconf 85' lang='lat' dir='ltr'><strong>sibi</strong></span> <span class='ocrx_word' id='word_1_250' title='bbox 2614 750 2941 813; x_wconf 82' lang='lat' dir='ltr'><strong>speran-tum</strong></span> <span class='ocrx_word' id='word_1_251' title='bbox 3003 746 3348 805; x_wconf 80' lang='lat' dir='ltr'><strong>Andronicus</strong></span> <span class='ocrx_word' id='word_1_252' title='bbox 3408 749 3607 806; x_wconf 83' lang='lat' dir='ltr'><strong>videns</strong></span> <span class='ocrx_word' id='word_1_253' title='bbox 3684 745 3779 805; x_wconf 33' lang='lat' dir='ltr'><strong>ad‘</strong></span> 
     </span>
    </p>
   </div>
   <div class='ocr_carea' id='block_1_37' title="bbox 2174 835 3750 909">
    <p class='ocr_par' dir='ltr' id='par_1_37' title="bbox 2174 835 3750 909">
     <span class='ocr_line' id='line_1_37' title="bbox 2174 835 3750 909; baseline 0.004 -18"><span class='ocrx_word' id='word_1_254' title='bbox 2174 835 2573 906; x_wconf 82' lang='lat' dir='ltr'><strong>exemptionem</strong></span> <span class='ocrx_word' id='word_1_255' title='bbox 2600 839 2843 907; x_wconf 88' lang='lat' dir='ltr'><strong>scrupuli</strong></span> <span class='ocrx_word' id='word_1_256' title='bbox 2875 852 3034 908; x_wconf 86' lang='lat' dir='ltr'><strong>quem</strong></span> <span class='ocrx_word' id='word_1_257' title='bbox 3083 840 3200 907; x_wconf 83' lang='lat' dir='ltr'><strong>ejus</strong></span> <span class='ocrx_word' id='word_1_258' title='bbox 3246 841 3427 897; x_wconf 88' lang='lat' dir='ltr'><strong>animo</strong></span> <span class='ocrx_word' id='word_1_259' title='bbox 3478 841 3750 909; x_wconf 81' lang='lat' dir='ltr'><strong>injererat</strong></span> 
     </span>
    </p>
   </div>
   <div class='ocr_carea' id='block_1_38' title="bbox 2174 928 3751 1002">
    <p class='ocr_par' dir='ltr' id='par_1_38' title="bbox 2174 928 3751 1002">
     <span class='ocr_line' id='line_1_38' title="bbox 2174 928 3751 1002; baseline 0.004 -18"><span class='ocrx_word' id='word_1_260' title='bbox 2174 928 2619 985; x_wconf 82' lang='lat' dir='ltr'><strong>molestissimum</strong></span> <span class='ocrx_word' id='word_1_261' title='bbox 2646 932 2920 1002; x_wconf 84' lang='lat' dir='ltr'><strong>inopinata</strong></span> <span class='ocrx_word' id='word_1_262' title='bbox 2946 932 3033 987; x_wconf 90' lang='lat' dir='ltr'><strong>ilia</strong></span> <span class='ocrx_word' id='word_1_263' title='bbox 3052 930 3281 988; x_wconf 81' lang='lat' dir='ltr'><strong>Joannis</strong></span> <span class='ocrx_word' id='word_1_264' title='bbox 3342 933 3558 990; x_wconf 77' lang='lat' dir='ltr'><strong>Cosmze</strong></span> <span class='ocrx_word' id='word_1_265' title='bbox 3600 949 3751 990; x_wconf 83' lang='lat' dir='ltr'><strong>cem-</strong></span> 
     </span>
    </p>
   </div>
   <div class='ocr_carea' id='block_1_39' title="bbox 2177 1020 3754 1091">
    <p class='ocr_par' dir='ltr' id='par_1_39' title="bbox 2177 1020 3754 1091">
     <span class='ocr_line' id='line_1_39' title="bbox 2177 1020 3754 1091; baseline 0.003 -17"><span class='ocrx_word' id='word_1_266' title='bbox 2177 1020 2407 1075; x_wconf 84' lang='lat' dir='ltr'><strong>minatio</strong></span> <span class='ocrx_word' id='word_1_267' title='bbox 2438 1022 3043 1089; x_wconf 84' lang='lat' dir='ltr'><strong>excommunicationis,</strong></span> <span class='ocrx_word' id='word_1_268' title='bbox 3074 1039 3135 1081; x_wconf 87' lang='lat' dir='ltr'><strong>se</strong></span> <span class='ocrx_word' id='word_1_269' title='bbox 3185 1036 3400 1082; x_wconf 75' lang='lat' dir='ltr'><strong>vertere</strong></span> <span class='ocrx_word' id='word_1_270' title='bbox 3440 1027 3664 1091; x_wconf 77' lang='lat' dir='ltr'><strong>statuit,</strong></span> <span class='ocrx_word' id='word_1_271' title='bbox 3702 1036 3754 1079; x_wconf 88' lang='lat' dir='ltr'><strong>et</strong></span> 
     </span>
    </p>
   </div>
   <div class='ocr_carea' id='block_1_40' title="bbox 2174 1112 3752 1187">
    <p class='ocr_par' dir='ltr' id='par_1_40' title="bbox 2174 1112 3752 1187">
     <span class='ocr_line' id='line_1_40' title="bbox 2174 1112 3752 1187; baseline 0.002 -19"><span class='ocrx_word' id='word_1_272' title='bbox 2174 1112 2337 1184; x_wconf 84' lang='lat' dir='ltr'><strong>longo</strong></span> <span class='ocrx_word' id='word_1_273' title='bbox 2367 1122 2611 1185; x_wconf 90' lang='lat' dir='ltr'><strong>tempore</strong></span> <span class='ocrx_word' id='word_1_274' title='bbox 2641 1130 2739 1187; x_wconf 89' lang='lat' dir='ltr'><strong>per</strong></span> <span class='ocrx_word' id='word_1_275' title='bbox 2770 1116 2968 1173; x_wconf 86' lang='lat' dir='ltr'><strong>missos</strong></span> <span class='ocrx_word' id='word_1_276' title='bbox 2988 1115 3168 1173; x_wconf 85' lang='lat' dir='ltr'><strong>varios</strong></span> <span class='ocrx_word' id='word_1_277' title='bbox 3186 1118 3451 1185; x_wconf 83' lang='lat' dir='ltr'><strong>eblandiri</strong></span> <span class='ocrx_word' id='word_1_278' title='bbox 3477 1136 3504 1172; x_wconf 85' lang='lat' dir='ltr'><strong>a</strong></span> <span class='ocrx_word' id='word_1_279' title='bbox 3536 1116 3752 1173; x_wconf 76' lang='lat' dir='ltr'><strong>Joanne</strong></span> 
     </span>
    </p>
   </div>
   <div class='ocr_carea' id='block_1_41' title="bbox 2176 1203 3754 1277">
    <p class='ocr_par' dir='ltr' id='par_1_41' title="bbox 2176 1203 3754 1277">
     <span class='ocr_line' id='line_1_41' title="bbox 2176 1203 3754 1277; baseline 0.003 -18"><span class='ocrx_word' id='word_1_280' title='bbox 2176 1203 2297 1273; x_wconf 87' lang='lat' dir='ltr'><strong>ipso</strong></span> <span class='ocrx_word' id='word_1_281' title='bbox 2324 1208 2557 1263; x_wconf 80' lang='lat' dir='ltr'><strong>cenatus</strong></span> <span class='ocrx_word' id='word_1_282' title='bbox 2575 1214 2658 1260; x_wconf 88' lang='lat' dir='ltr'><strong>est</strong></span> <span class='ocrx_word' id='word_1_283' title='bbox 2709 1207 3110 1263; x_wconf 82' lang='lat' dir='ltr'><strong>revocationem</strong></span> <span class='ocrx_word' id='word_1_284' title='bbox 3143 1210 3508 1265; x_wconf 77' lang='lat' dir='ltr'><strong>anatbetuatis</strong></span> <span class='ocrx_word' id='word_1_285' title='bbox 3562 1211 3707 1264; x_wconf 78' lang='lat' dir='ltr'><strong>illius</strong></span> <span class='ocrx_word' id='word_1_286' title='bbox 3738 1229 3754 1277; x_wconf 87' lang='lat'><strong>;</strong></span> 
     </span>
    </p>
   </div>
   <div class='ocr_carea' id='block_1_42' title="bbox 2176 1293 3755 1367">
    <p class='ocr_par' dir='ltr' id='par_1_42' title="bbox 2176 1293 3755 1367">
     <span class='ocr_line' id='line_1_42' title="bbox 2176 1293 3755 1367; baseline 0.001 -19"><span class='ocrx_word' id='word_1_287' title='bbox 2176 1293 2331 1364; x_wconf 83' lang='lat' dir='ltr'><strong>cujus</strong></span> <span class='ocrx_word' id='word_1_288' title='bbox 2366 1295 2578 1350; x_wconf 83' lang='lat' dir='ltr'><strong>tandem</strong></span> <span class='ocrx_word' id='word_1_289' title='bbox 2625 1296 2737 1351; x_wconf 82' lang='lat' dir='ltr'><strong>vati</strong></span> <span class='ocrx_word' id='word_1_290' title='bbox 2766 1312 2985 1367; x_wconf 87' lang='lat' dir='ltr'><strong>compos</strong></span> <span class='ocrx_word' id='word_1_291' title='bbox 3030 1308 3112 1355; x_wconf 85' lang='lat' dir='ltr'><strong>est</strong></span> <span class='ocrx_word' id='word_1_292' title='bbox 3173 1299 3369 1363; x_wconf 88' lang='lat' dir='ltr'><strong>factus,</strong></span> <span class='ocrx_word' id='word_1_293' title='bbox 3420 1300 3471 1354; x_wconf 88' lang='lat' dir='ltr'><strong>in</strong></span> <span class='ocrx_word' id='word_1_294' title='bbox 3508 1309 3755 1367; x_wconf 87' lang='lat' dir='ltr'><strong>optatam</strong></span> 
     </span>
    </p>
   </div>
   <div class='ocr_carea' id='block_1_43' title="bbox 2177 1385 3756 1463">
    <p class='ocr_par' dir='ltr' id='par_1_43' title="bbox 2177 1385 3756 1463">
     <span class='ocr_line' id='line_1_43' title="bbox 2177 1385 3756 1463; baseline 0.004 -22"><span class='ocrx_word' id='word_1_295' title='bbox 2177 1385 2278 1457; x_wconf 84' lang='lat' dir='ltr'><strong>ipsi</strong></span> <span class='ocrx_word' id='word_1_296' title='bbox 2320 1389 2645 1444; x_wconf 89' lang='lat' dir='ltr'><strong>sententiam</strong></span> <span class='ocrx_word' id='word_1_297' title='bbox 2678 1389 2915 1463; x_wconf 75' lang='lat' dir='ltr'><strong>[P.572]</strong></span> <span class='ocrx_word' id='word_1_298' title='bbox 2958 1391 3103 1448; x_wconf 83' lang='lat' dir='ltr'><strong>edita</strong></span> <span class='ocrx_word' id='word_1_299' title='bbox 3138 1393 3504 1450; x_wconf 82' lang='lat' dir='ltr'><strong>declaratione</strong></span> <span class='ocrx_word' id='word_1_300' title='bbox 3560 1394 3756 1451; x_wconf 78' lang='lat' dir='ltr'><strong>remis—</strong></span> 
     </span>
    </p>
   </div>
   <div class='ocr_carea' id='block_1_44' title="bbox 2176 1477 3757 1553">
    <p class='ocr_par' dir='ltr' id='par_1_44' title="bbox 2176 1477 3757 1553">
     <span class='ocr_line' id='line_1_44' title="bbox 2176 1477 3757 1553; baseline 0.005 -22"><span class='ocrx_word' id='word_1_301' title='bbox 2176 1477 2347 1532; x_wconf 88' lang='lat' dir='ltr'><strong>sionis</strong></span> <span class='ocrx_word' id='word_1_302' title='bbox 2382 1478 2452 1535; x_wconf 88' lang='lat' dir='ltr'><strong>ab</strong></span> <span class='ocrx_word' id='word_1_303' title='bbox 2482 1479 2671 1536; x_wconf 83' lang='lat' dir='ltr'><strong>eodem</strong></span> <span class='ocrx_word' id='word_1_304' title='bbox 2729 1481 3031 1549; x_wconf 71' lang='lat' dir='ltr'><strong>impetratae</strong></span> <span class='ocrx_word' id='word_1_305' title='bbox 3072 1480 3285 1540; x_wconf 89' lang='lat' dir='ltr'><strong>Joanne</strong></span> <span class='ocrx_word' id='word_1_306' title='bbox 3321 1484 3557 1550; x_wconf 84' lang='lat' dir='ltr'><strong>Cosma;</strong></span> <span class='ocrx_word' id='word_1_307' title='bbox 3592 1500 3757 1553; x_wconf 88' lang='lat' dir='ltr'><strong>quam</strong></span> 
     </span>
    </p>
   </div>
   <div class='ocr_carea' id='block_1_45' title="bbox 2176 1572 3755 1643">
    <p class='ocr_par' dir='ltr' id='par_1_45' title="bbox 2176 1572 3755 1643">
     <span class='ocr_line' id='line_1_45' title="bbox 2176 1572 3755 1643; baseline 0.004 -19"><span class='ocrx_word' id='word_1_308' title='bbox 2176 1572 2501 1641; x_wconf 82' lang='lat' dir='ltr'><strong>scripturam</strong></span> <span class='ocrx_word' id='word_1_309' title='bbox 2547 1573 2847 1641; x_wconf 84' lang='lat' dir='ltr'><strong>imperator</strong></span> <span class='ocrx_word' id='word_1_310' title='bbox 2870 1576 3077 1643; x_wconf 89' lang='lat' dir='ltr'><strong>accepit</strong></span> <span class='ocrx_word' id='word_1_311' title='bbox 3122 1575 3258 1631; x_wconf 87' lang='lat' dir='ltr'><strong>feria</strong></span> <span class='ocrx_word' id='word_1_312' title='bbox 3312 1575 3402 1631; x_wconf 74' lang='lat' dir='ltr'><strong>illa</strong></span> <span class='ocrx_word' id='word_1_313' title='bbox 3431 1586 3593 1633; x_wconf 78' lang='lat' dir='ltr'><strong>sexta</strong></span> <span class='ocrx_word' id='word_1_314' title='bbox 3656 1592 3755 1633; x_wconf 84' lang='lat' dir='ltr'><strong>ea-</strong></span> 
     </span>
    </p>
   </div>
   <div class='ocr_carea' id='block_1_46' title="bbox 2177 1656 3761 1743">
    <p class='ocr_par' dir='ltr' id='par_1_46' title="bbox 2177 1656 3761 1743">
     <span class='ocr_line' id='line_1_46' title="bbox 2177 1656 3761 1743; baseline 0.005 -23"><span class='ocrx_word' id='word_1_315' title='bbox 2177 1668 2408 1734; x_wconf 84' lang='lat' dir='ltr'><strong>demque</strong></span> <span class='ocrx_word' id='word_1_316' title='bbox 2443 1665 2530 1720; x_wconf 89' lang='lat' dir='ltr'><strong>die</strong></span> <span class='ocrx_word' id='word_1_317' title='bbox 2576 1667 2834 1723; x_wconf 81' lang='lat' dir='ltr'><strong>vicesima</strong></span> <span class='ocrx_word' id='word_1_318' title='bbox 2865 1669 3043 1738; x_wconf 84' lang='lat' dir='ltr'><strong>prima</strong></span> <span class='ocrx_word' id='word_1_319' title='bbox 3099 1672 3304 1727; x_wconf 87' lang='lat' dir='ltr'><strong>mensis</strong></span> <span class='ocrx_word' id='word_1_320' title='bbox 3351 1656 3607 1743; x_wconf 81' lang='lat' dir='ltr'><strong>Augusti,</strong></span> <span class='ocrx_word' id='word_1_321' title='bbox 3665 1688 3761 1728; x_wconf 81' lang='lat' dir='ltr'><strong>su—</strong></span> 
     </span>
    </p>
   </div>
   <div class='ocr_carea' id='block_1_47' title="bbox 2180 1752 3760 1834">
    <p class='ocr_par' dir='ltr' id='par_1_47' title="bbox 2180 1752 3760 1834">
     <span class='ocr_line' id='line_1_47' title="bbox 2180 1752 3760 1834; baseline 0.003 -20"><span class='ocrx_word' id='word_1_322' title='bbox 2180 1777 2273 1831; x_wconf 88' lang='lat' dir='ltr'><strong>pra</strong></span> <span class='ocrx_word' id='word_1_323' title='bbox 2322 1773 2619 1817; x_wconf 88' lang='lat' dir='ltr'><strong>memorata</strong></span> <span class='ocrx_word' id='word_1_324' title='bbox 2651 1761 3064 1832; x_wconf 71' lang='lat' dir='ltr'><strong>saepius.‘Unde</strong></span> <span class='ocrx_word' id='word_1_325' title='bbox 3085 1764 3264 1820; x_wconf 89' lang='lat' dir='ltr'><strong>triduo</strong></span> <span class='ocrx_word' id='word_1_326' title='bbox 3293 1774 3441 1834; x_wconf 87' lang='lat' dir='ltr'><strong>post,</strong></span> <span class='ocrx_word' id='word_1_327' title='bbox 3486 1766 3584 1822; x_wconf 89' lang='lat' dir='ltr'><strong>die</strong></span> <span class='ocrx_word' id='word_1_328' title='bbox 3607 1752 3760 1820; x_wconf 85' lang='lat' dir='ltr'><strong>men-</strong></span> 
     </span>
    </p>
   </div>
   <div class='ocr_carea' id='block_1_48' title="bbox 2176 1853 3758 1923">
    <p class='ocr_par' dir='ltr' id='par_1_48' title="bbox 2176 1853 3758 1923">
     <span class='ocr_line' id='line_1_48' title="bbox 2176 1853 3758 1923; baseline 0.004 -15"><span class='ocrx_word' id='word_1_329' title='bbox 2176 1853 2255 1908; x_wconf 84' lang='lat' dir='ltr'><strong>sis</strong></span> <span class='ocrx_word' id='word_1_330' title='bbox 2284 1853 2525 1923; x_wconf 73' lang='lat' dir='ltr'><strong>ejusdem</strong></span> <span class='ocrx_word' id='word_1_331' title='bbox 2562 1855 2819 1911; x_wconf 83' lang='lat' dir='ltr'><strong>vicesima</strong></span> <span class='ocrx_word' id='word_1_332' title='bbox 2877 1857 3035 1911; x_wconf 86' lang='lat' dir='ltr'><strong>tertia</strong></span> <span class='ocrx_word' id='word_1_333' title='bbox 3080 1857 3438 1913; x_wconf 84' lang='lat' dir='ltr'><strong>Athanasium</strong></span> <span class='ocrx_word' id='word_1_334' title='bbox 3490 1858 3547 1914; x_wconf 92' lang='lat' dir='ltr'><strong>in</strong></span> <span class='ocrx_word' id='word_1_335' title='bbox 3606 1859 3758 1915; x_wconf 85' lang='lat' dir='ltr'><strong>sedis</strong></span> 
     </span>
    </p>
   </div>
   <div class='ocr_carea' id='block_1_49' title="bbox 2177 1934 3758 2022">
    <p class='ocr_par' dir='ltr' id='par_1_49' title="bbox 2177 1934 3758 2022">
     <span class='ocr_line' id='line_1_49' title="bbox 2177 1934 3758 2022; baseline 0.006 -25"><span class='ocrx_word' id='word_1_336' title='bbox 2177 1946 2559 2016; x_wconf 85' lang='lat' dir='ltr'><strong>patriarcltalis</strong></span> <span class='ocrx_word' id='word_1_337' title='bbox 2592 1948 2839 2003; x_wconf 84' lang='lat' dir='ltr'><strong>iteratam</strong></span> <span class='ocrx_word' id='word_1_338' title='bbox 2871 1950 3270 2015; x_wconf 82' lang='lat' dir='ltr'><strong>possessionem</strong></span> <span class='ocrx_word' id='word_1_339' title='bbox 3325 1934 3636 2022; x_wconf 83' lang='lat' dir='ltr'><strong>imperator</strong></span> <span class='ocrx_word' id='word_1_340' title='bbox 3670 1954 3758 2006; x_wconf 78' lang='lat' dir='ltr'><strong>in-</strong></span> 
     </span>
    </p>
   </div>
   <div class='ocr_carea' id='block_1_50' title="bbox 2177 2040 3757 2102">
    <p class='ocr_par' dir='ltr' id='par_1_50' title="bbox 2177 2040 3757 2102">
     <span class='ocr_line' id='line_1_50' title="bbox 2177 2040 3757 2102; baseline 0.001 -6"><span class='ocrx_word' id='word_1_341' title='bbox 2177 2040 2348 2096; x_wconf 75' lang='lat' dir='ltr'><strong>duxit.</strong></span> <span class='ocrx_word' id='word_1_342' title='bbox 2387 2040 2463 2096; x_wconf 88' lang='lat' dir='ltr'><strong>En</strong></span> <span class='ocrx_word' id='word_1_343' title='bbox 2499 2052 2551 2095; x_wconf 86' lang='grc' dir='ltr'><strong>ιιι</strong></span> <span class='ocrx_word' id='word_1_344' title='bbox 2585 2044 2862 2097; x_wconf 86' lang='lat' dir='ltr'><strong>successio</strong></span> <span class='ocrx_word' id='word_1_345' title='bbox 2911 2052 2965 2098; x_wconf 89' lang='lat' dir='ltr'><strong>et</strong></span> <span class='ocrx_word' id='word_1_346' title='bbox 2992 2051 3285 2101; x_wconf 85' lang='lat' dir='ltr'><strong>contextus</strong></span> <span class='ocrx_word' id='word_1_347' title='bbox 3314 2053 3565 2102; x_wconf 88' lang='lat' dir='ltr'><strong>actorum</strong></span> <span class='ocrx_word' id='word_1_348' title='bbox 3610 2044 3757 2100; x_wconf 83' lang='lat' dir='ltr'><strong>illius</strong></span> 
     </span>
    </p>
   </div>
   <div class='ocr_carea' id='block_1_51' title="bbox 2178 2133 3755 2208">
    <p class='ocr_par' dir='ltr' id='par_1_51' title="bbox 2178 2133 3755 2208">
     <span class='ocr_line' id='line_1_51' title="bbox 2178 2133 3755 2208; baseline 0.004 -21"><span class='ocrx_word' id='word_1_349' title='bbox 2178 2133 2306 2188; x_wconf 89' lang='lat' dir='ltr'><strong>anui</strong></span> <span class='ocrx_word' id='word_1_350' title='bbox 2332 2135 2581 2190; x_wconf 88' lang='lat' dir='ltr'><strong>eumdem</strong></span> <span class='ocrx_word' id='word_1_351' title='bbox 2608 2149 2707 2192; x_wconf 78' lang='lat' dir='ltr'><strong>nos</strong></span> <span class='ocrx_word' id='word_1_352' title='bbox 2732 2136 2784 2190; x_wconf 91' lang='lat' dir='ltr'><strong>in</strong></span> <span class='ocrx_word' id='word_1_353' title='bbox 2812 2136 2988 2193; x_wconf 88' lang='lat' dir='ltr'><strong>locum</strong></span> <span class='ocrx_word' id='word_1_354' title='bbox 3020 2137 3350 2205; x_wconf 90' lang='lat' dir='ltr'><strong>pedetentim</strong></span> <span class='ocrx_word' id='word_1_355' title='bbox 3380 2137 3555 2205; x_wconf 88' lang='lat' dir='ltr'><strong>ducit,</strong></span> <span class='ocrx_word' id='word_1_356' title='bbox 3586 2154 3755 2208; x_wconf 89' lang='lat' dir='ltr'><strong>quem</strong></span> 
     </span>
    </p>
   </div>
   <div class='ocr_carea' id='block_1_52' title="bbox 2179 2228 3759 2303">
    <p class='ocr_par' dir='ltr' id='par_1_52' title="bbox 2179 2228 3759 2303">
     <span class='ocr_line' id='line_1_52' title="bbox 2179 2228 3759 2303; baseline 0.005 -24"><span class='ocrx_word' id='word_1_357' title='bbox 2179 2228 2369 2298; x_wconf 76' lang='lat' dir='ltr'><strong>praeui</strong></span> <span class='ocrx_word' id='word_1_358' title='bbox 2399 2228 2559 2303; x_wconf 80' lang='lat' dir='ltr'><strong>quasi</strong></span> <span class='ocrx_word' id='word_1_359' title='bbox 2584 2229 2998 2301; x_wconf 83' lang='lat' dir='ltr'><strong>signaveramus</strong></span> <span class='ocrx_word' id='word_1_360' title='bbox 3057 2230 3262 2288; x_wconf 90' lang='lat' dir='ltr'><strong>indicio</strong></span> <span class='ocrx_word' id='word_1_361' title='bbox 3314 2232 3424 2287; x_wconf 85' lang='lat' dir='ltr'><strong>alte</strong></span> <span class='ocrx_word' id='word_1_362' title='bbox 3464 2248 3526 2287; x_wconf 86' lang='lat' dir='ltr'><strong>se</strong></span> <span class='ocrx_word' id='word_1_363' title='bbox 3567 2241 3759 2288; x_wconf 81' lang='lat' dir='ltr'><strong>osten-</strong></span> 
     </span>
    </p>
   </div>
   <div class='ocr_carea' id='block_1_53' title="bbox 2181 2321 3760 2395">
    <p class='ocr_par' dir='ltr' id='par_1_53' title="bbox 2181 2321 3760 2395">
     <span class='ocr_line' id='line_1_53' title="bbox 2181 2321 3760 2395; baseline 0.002 -19"><span class='ocrx_word' id='word_1_364' title='bbox 2181 2323 2347 2393; x_wconf 76' lang='lat' dir='ltr'><strong>tantis</strong></span> <span class='ocrx_word' id='word_1_365' title='bbox 2396 2321 2735 2380; x_wconf 86' lang='lat' dir='ltr'><strong>cbaracteris</strong></span> <span class='ocrx_word' id='word_1_366' title='bbox 2781 2323 3179 2395; x_wconf 86' lang='lat' dir='ltr'><strong>chronologici,</strong></span> <span class='ocrx_word' id='word_1_367' title='bbox 3230 2324 3335 2380; x_wconf 89' lang='lat' dir='ltr'><strong>hoc</strong></span> <span class='ocrx_word' id='word_1_368' title='bbox 3387 2333 3472 2380; x_wconf 86' lang='lat' dir='ltr'><strong>est</strong></span> <span class='ocrx_word' id='word_1_369' title='bbox 3520 2326 3760 2393; x_wconf 84' lang='lat' dir='ltr'><strong>conjun-</strong></span> 
     </span>
    </p>
   </div>
   <div class='ocr_carea' id='block_1_54' title="bbox 2180 2412 3755 2489">
    <p class='ocr_par' dir='ltr' id='par_1_54' title="bbox 2180 2412 3755 2489">
     <span class='ocr_line' id='line_1_54' title="bbox 2180 2412 3755 2489; baseline 0.001 -21"><span class='ocrx_word' id='word_1_370' title='bbox 2180 2415 2377 2470; x_wconf 90' lang='lat' dir='ltr'><strong>ctionis</strong></span> <span class='ocrx_word' id='word_1_371' title='bbox 2412 2412 2563 2471; x_wconf 73' lang='lat' dir='ltr'><strong>feria:</strong></span> <span class='ocrx_word' id='word_1_372' title='bbox 2597 2426 2770 2470; x_wconf 72' lang='lat' dir='ltr'><strong>sextat</strong></span> <span class='ocrx_word' id='word_1_373' title='bbox 2809 2417 3046 2472; x_wconf 89' lang='lat' dir='ltr'><strong>cumdie</strong></span> <span class='ocrx_word' id='word_1_374' title='bbox 3088 2417 3317 2489; x_wconf 82' lang='lat' dir='ltr'><strong>Augusti</strong></span> <span class='ocrx_word' id='word_1_375' title='bbox 3340 2415 3405 2471; x_wconf 75' lang='grc'><strong>21</strong></span> <span class='ocrx_word' id='word_1_376' title='bbox 3432 2434 3446 2481; x_wconf 86' lang='lat'><strong>;</strong></span> <span class='ocrx_word' id='word_1_377' title='bbox 3474 2418 3603 2488; x_wconf 67' lang='lat' dir='ltr'><strong>quae</strong></span> <span class='ocrx_word' id='word_1_378' title='bbox 3628 2433 3755 2472; x_wconf 88' lang='lat' dir='ltr'><strong>con-</strong></span> 
     </span>
    </p>
   </div>
   <div class='ocr_carea' id='block_1_55' title="bbox 2171 2503 3758 2577">
    <p class='ocr_par' dir='ltr' id='par_1_55' title="bbox 2171 2503 3758 2577">
     <span class='ocr_line' id='line_1_55' title="bbox 2171 2503 3758 2577; baseline 0.002 -22"><span class='ocrx_word' id='word_1_379' title='bbox 2171 2503 2386 2575; x_wconf 89' lang='lat' dir='ltr'><strong>junctio</strong></span> <span class='ocrx_word' id='word_1_380' title='bbox 2414 2518 2535 2559; x_wconf 89' lang='lat' dir='ltr'><strong>cum</strong></span> <span class='ocrx_word' id='word_1_381' title='bbox 2563 2518 2762 2559; x_wconf 87' lang='lat' dir='ltr'><strong>annum</strong></span> <span class='ocrx_word' id='word_1_382' title='bbox 2788 2505 2971 2576; x_wconf 80' lang='lat' dir='ltr'><strong>exigat</strong></span> <span class='ocrx_word' id='word_1_383' title='bbox 3009 2503 3164 2577; x_wconf 81' lang='lat' dir='ltr'><strong>cycio</strong></span> <span class='ocrx_word' id='word_1_384' title='bbox 3226 2505 3358 2559; x_wconf 76' lang='lat' dir='ltr'><strong>solis</strong></span> <span class='ocrx_word' id='word_1_385' title='bbox 3388 2504 3460 2559; x_wconf 73' lang='lat'><strong>25</strong></span> <span class='ocrx_word' id='word_1_386' title='bbox 3518 2503 3758 2576; x_wconf 82' lang='lat' dir='ltr'><strong>insigni-</strong></span> 
     </span>
    </p>
   </div>
   <div class='ocr_carea' id='block_1_56' title="bbox 2180 2595 3757 2668">
    <p class='ocr_par' dir='ltr' id='par_1_56' title="bbox 2180 2595 3757 2668">
     <span class='ocr_line' id='line_1_56' title="bbox 2180 2595 3757 2668; baseline -0.001 -17"><span class='ocrx_word' id='word_1_387' title='bbox 2180 2606 2317 2663; x_wconf 91' lang='lat' dir='ltr'><strong>tum,</strong></span> <span class='ocrx_word' id='word_1_388' title='bbox 2353 2595 2531 2668; x_wconf 85' lang='lat' dir='ltr'><strong>qualis</strong></span> <span class='ocrx_word' id='word_1_389' title='bbox 2564 2597 2744 2653; x_wconf 84' lang='lat' dir='ltr'><strong>nullus</strong></span> <span class='ocrx_word' id='word_1_390' title='bbox 2775 2598 2877 2652; x_wconf 88' lang='lat' dir='ltr'><strong>isto</strong></span> <span class='ocrx_word' id='word_1_391' title='bbox 2911 2609 3214 2666; x_wconf 89' lang='lat' dir='ltr'><strong>temporum</strong></span> <span class='ocrx_word' id='word_1_392' title='bbox 3267 2606 3446 2652; x_wconf 85' lang='lat' dir='ltr'><strong>tractu</strong></span> <span class='ocrx_word' id='word_1_393' title='bbox 3488 2597 3636 2652; x_wconf 88' lang='lat' dir='ltr'><strong>alius</strong></span> <span class='ocrx_word' id='word_1_394' title='bbox 3669 2611 3702 2653; x_wconf 84' lang='lat' dir='ltr'><strong>e</strong></span> <span class='ocrx_word' id='word_1_395' title='bbox 3738 2605 3757 2649; x_wconf 94' lang='lat' dir='ltr'><strong>t</strong></span> 
     </span>
    </p>
   </div>
   <div class='ocr_carea' id='block_1_57' title="bbox 2177 2687 3757 2760">
    <p class='ocr_par' dir='ltr' id='par_1_57' title="bbox 2177 2687 3757 2760">
     <span class='ocr_line' id='line_1_57' title="bbox 2177 2687 3757 2760; baseline -0.004 -15"><span class='ocrx_word' id='word_1_396' title='bbox 2177 2691 2246 2746; x_wconf 86' lang='lat' dir='ltr'><strong>ab</strong></span> <span class='ocrx_word' id='word_1_397' title='bbox 2282 2705 2425 2745; x_wconf 90' lang='lat' dir='ltr'><strong>anno</strong></span> <span class='ocrx_word' id='word_1_398' title='bbox 2479 2690 2572 2760; x_wconf 89' lang='lat' dir='ltr'><strong>qui</strong></span> <span class='ocrx_word' id='word_1_399' title='bbox 2623 2691 2675 2743; x_wconf 92' lang='lat' dir='ltr'><strong>iu</strong></span> <span class='ocrx_word' id='word_1_400' title='bbox 2711 2704 2822 2742; x_wconf 72' lang='lat' dir='ltr'><strong>mra</strong></span> <span class='ocrx_word' id='word_1_401' title='bbox 2870 2687 3188 2745; x_wconf 75' lang='lat' dir='ltr'><strong>Christiana</strong></span> <span class='ocrx_word' id='word_1_402' title='bbox 3230 2701 3553 2744; x_wconf 85' lang='lat' dir='ltr'><strong>numeratur</strong></span> <span class='ocrx_word' id='word_1_403' title='bbox 3590 2705 3757 2759; x_wconf 74' lang='lat' dir='ltr'><strong>quar-</strong></span> 
     </span>
    </p>
   </div>
   <div class='ocr_carea' id='block_1_58' title="bbox 2181 2780 3758 2852">
    <p class='ocr_par' dir='ltr' id='par_1_58' title="bbox 2181 2780 3758 2852">
     <span class='ocr_line' id='line_1_58' title="bbox 2181 2780 3758 2852; baseline -0.002 -13"><span class='ocrx_word' id='word_1_404' title='bbox 2181 2794 2269 2839; x_wconf 88' lang='lat' dir='ltr'><strong>tus</strong></span> <span class='ocrx_word' id='word_1_405' title='bbox 2297 2798 2458 2852; x_wconf 86' lang='lat' dir='ltr'><strong>supra</strong></span> <span class='ocrx_word' id='word_1_406' title='bbox 2494 2781 2939 2838; x_wconf 84' lang='lat' dir='ltr'><strong>trecentesimum</strong></span> <span class='ocrx_word' id='word_1_407' title='bbox 2975 2791 3031 2837; x_wconf 88' lang='lat' dir='ltr'><strong>et</strong></span> <span class='ocrx_word' id='word_1_408' title='bbox 3059 2780 3430 2845; x_wconf 85' lang='lat' dir='ltr'><strong>millesimum,</strong></span> <span class='ocrx_word' id='word_1_409' title='bbox 3466 2783 3758 2837; x_wconf 76' lang='lat' dir='ltr'><strong>restatde-</strong></span> 
     </span>
    </p>
   </div>
   <div class='ocr_carea' id='block_1_59' title="bbox 2180 2872 3754 2946">
    <p class='ocr_par' dir='ltr' id='par_1_59' title="bbox 2180 2872 3754 2946">
     <span class='ocr_line' id='line_1_59' title="bbox 2180 2872 3754 2946; baseline -0.003 -15"><span class='ocrx_word' id='word_1_410' title='bbox 2180 2885 2538 2932; x_wconf 87' lang='lat' dir='ltr'><strong>monstratum</strong></span> <span class='ocrx_word' id='word_1_411' title='bbox 2596 2891 2741 2929; x_wconf 91' lang='lat' dir='ltr'><strong>anno</strong></span> <span class='ocrx_word' id='word_1_412' title='bbox 2792 2873 2992 2929; x_wconf 81' lang='lat' dir='ltr'><strong>Christi</strong></span> <span class='ocrx_word' id='word_1_413' title='bbox 3035 2873 3195 2939; x_wconf 69' lang='grc' dir='ltr'><strong>ιδοι,</strong></span> <span class='ocrx_word' id='word_1_414' title='bbox 3245 2874 3332 2928; x_wconf 88' lang='lat' dir='ltr'><strong>die</strong></span> <span class='ocrx_word' id='word_1_415' title='bbox 3373 2872 3445 2929; x_wconf 72' lang='lat'><strong>2&#39;5</strong></span> <span class='ocrx_word' id='word_1_416' title='bbox 3492 2874 3754 2946; x_wconf 80' lang='lat' dir='ltr'><strong>AuguSti,</strong></span> 
     </span>
    </p>
   </div>
   <div class='ocr_carea' id='block_1_60' title="bbox 2178 2965 3759 3037">
    <p class='ocr_par' dir='ltr' id='par_1_60' title="bbox 2178 2965 3759 3037">
     <span class='ocr_line' id='line_1_60' title="bbox 2178 2965 3759 3037; baseline 0.001 -16"><span class='ocrx_word' id='word_1_417' title='bbox 2178 2968 2409 3025; x_wconf 87' lang='lat' dir='ltr'><strong>desiisse</strong></span> <span class='ocrx_word' id='word_1_418' title='bbox 2460 2966 2895 3037; x_wconf 81' lang='lat' dir='ltr'><strong>patriarchatum</strong></span> <span class='ocrx_word' id='word_1_419' title='bbox 2949 2965 3179 3023; x_wconf 77' lang='lat' dir='ltr'><strong>Joannis</strong></span> <span class='ocrx_word' id='word_1_420' title='bbox 3216 2966 3451 3033; x_wconf 62' lang='lat' dir='ltr'><strong>Cosme,</strong></span> <span class='ocrx_word' id='word_1_421' title='bbox 3503 2968 3759 3023; x_wconf 74' lang='lat' dir='ltr'><strong>Athana-</strong></span> 
     </span>
    </p>
   </div>
   <div class='ocr_carea' id='block_1_61' title="bbox 502 3055 3760 3138">
    <p class='ocr_par' dir='ltr' id='par_1_61' title="bbox 502 3055 3760 3138">
     <span class='ocr_line' id='line_1_61' title="bbox 502 3055 3760 3138; baseline -0.001 -21"><span class='ocrx_word' id='word_1_422' title='bbox 502 3062 763 3134; x_wconf 84' lang='lat' dir='ltr'><strong>Joannem</strong></span> <span class='ocrx_word' id='word_1_423' title='bbox 814 3060 1089 3127; x_wconf 84' lang='lat' dir='ltr'><strong>Cosmam.</strong></span> <span class='ocrx_word' id='word_1_424' title='bbox 1139 3055 1264 3111; x_wconf 81' lang='lat' dir='ltr'><strong>Fuit</strong></span> <span class='ocrx_word' id='word_1_425' title='bbox 1333 3055 1426 3113; x_wconf 87' lang='lat' dir='ltr'><strong>illo</strong></span> <span class='ocrx_word' id='word_1_426' title='bbox 1496 3073 1639 3113; x_wconf 90' lang='lat' dir='ltr'><strong>anno</strong></span> <span class='ocrx_word' id='word_1_427' title='bbox 1694 3057 1830 3113; x_wconf 88' lang='lat' dir='ltr'><strong>feria</strong></span> <span class='ocrx_word' id='word_1_428' title='bbox 1883 3068 2143 3138; x_wconf 77' lang='lat' dir='ltr'><strong>quartac</strong></span> <span class='ocrx_word' id='word_1_429' title='bbox 2178 3059 2317 3116; x_wconf 89' lang='lat' dir='ltr'><strong>sium</strong></span> <span class='ocrx_word' id='word_1_430' title='bbox 2371 3069 2550 3117; x_wconf 88' lang='lat' dir='ltr'><strong>autem</strong></span> <span class='ocrx_word' id='word_1_431' title='bbox 2589 3060 3205 3129; x_wconf 63' lang='lat' dir='ltr'><strong>Constantinopolitanae</strong></span> <span class='ocrx_word' id='word_1_432' title='bbox 3255 3059 3511 3118; x_wconf 66' lang='lat' dir='ltr'><strong>Ecclesiae</strong></span> <span class='ocrx_word' id='word_1_433' title='bbox 3568 3062 3760 3134; x_wconf 72' lang='lat' dir='ltr'><strong>praesi-</strong></span> 
     </span>
    </p>
   </div>
   <div class='ocr_carea' id='block_1_62' title="bbox 462 3146 2070 3223">
    <p class='ocr_par' dir='ltr' id='par_1_62' title="bbox 462 3146 2070 3223">
     <span class='ocr_line' id='line_1_62' title="bbox 462 3146 2070 3223; baseline -0.001 -14"><span class='ocrx_word' id='word_1_434' title='bbox 462 3217 463 3220; x_wconf 26' lang='grc' dir='ltr'><strong>η</strong></span> <span class='ocrx_word' id='word_1_435' title='bbox 502 3156 761 3210; x_wconf 83' lang='lat' dir='ltr'><strong>Ciuerum</strong></span> <span class='ocrx_word' id='word_1_436' title='bbox 800 3153 915 3208; x_wconf 82' lang='lat' dir='ltr'><strong>dies</strong></span> <span class='ocrx_word' id='word_1_437' title='bbox 947 3149 1225 3206; x_wconf 74' lang='lat' dir='ltr'><strong>undecima</strong></span> <span class='ocrx_word' id='word_1_438' title='bbox 1254 3146 1577 3215; x_wconf 83' lang='lat' dir='ltr'><strong>Februarii;</strong></span> <span class='ocrx_word' id='word_1_439' title='bbox 1616 3151 1757 3206; x_wconf 88' lang='lat' dir='ltr'><strong>unde</strong></span> <span class='ocrx_word' id='word_1_440' title='bbox 1808 3150 1897 3206; x_wconf 89' lang='lat' dir='ltr'><strong>illa</strong></span> <span class='ocrx_word' id='word_1_441' title='bbox 1942 3167 2070 3223; x_wconf 87' lang='lat' dir='ltr'><strong>pro-</strong></span> 
     </span>
    </p>
   </div>
   <div class='ocr_carea' id='block_1_63' title="bbox 503 3239 2073 3315">
    <p class='ocr_par' dir='ltr' id='par_1_63' title="bbox 503 3239 2073 3315">
     <span class='ocr_line' id='line_1_63' title="bbox 503 3239 2073 3315; baseline -0.003 -11"><span class='ocrx_word' id='word_1_442' title='bbox 503 3246 667 3303; x_wconf 68' lang='lat' dir='ltr'><strong>fectio</strong></span> <span class='ocrx_word' id='word_1_443' title='bbox 693 3245 1042 3315; x_wconf 84' lang='lat' dir='ltr'><strong>imperatoris</strong></span> <span class='ocrx_word' id='word_1_444' title='bbox 1071 3245 1139 3297; x_wconf 90' lang='lat' dir='ltr'><strong>ad</strong></span> <span class='ocrx_word' id='word_1_445' title='bbox 1174 3239 1439 3297; x_wconf 86' lang='lat' dir='ltr'><strong>Joannem</strong></span> <span class='ocrx_word' id='word_1_446' title='bbox 1471 3243 1655 3312; x_wconf 80' lang='lat' dir='ltr'><strong>aliquo</strong></span> <span class='ocrx_word' id='word_1_447' title='bbox 1686 3252 1891 3313; x_wconf 86' lang='lat' dir='ltr'><strong>septem</strong></span> <span class='ocrx_word' id='word_1_448' title='bbox 1950 3244 2073 3301; x_wconf 87' lang='lat' dir='ltr'><strong>die-</strong></span> 
     </span>
    </p>
   </div>
   <div class='ocr_carea' id='block_1_64' title="bbox 493 3334 2074 3406">
    <p class='ocr_par' dir='ltr' id='par_1_64' title="bbox 493 3334 2074 3406">
     <span class='ocr_line' id='line_1_64' title="bbox 493 3334 2074 3406; baseline -0.003 -12"><span class='ocrx_word' id='word_1_449' title='bbox 493 3355 623 3395; x_wconf 58' lang='lat' dir='ltr'><strong>rum</strong></span> <span class='ocrx_word' id='word_1_450' title='bbox 649 3339 988 3394; x_wconf 83' lang='lat' dir='ltr'><strong>undecimam</strong></span> <span class='ocrx_word' id='word_1_451' title='bbox 1036 3334 1317 3391; x_wconf 81' lang='lat' dir='ltr'><strong>Februarii</strong></span> <span class='ocrx_word' id='word_1_452' title='bbox 1346 3336 1487 3391; x_wconf 91' lang='lat' dir='ltr'><strong>diem</strong></span> <span class='ocrx_word' id='word_1_453' title='bbox 1515 3335 1737 3406; x_wconf 73' lang='grc' dir='ltr'>ἁμέσως</span> <span class='ocrx_word' id='word_1_454' title='bbox 1762 3337 2074 3406; x_wconf 70' lang='lat' dir='ltr'><strong>praeceden-</strong></span> 
     </span>
    </p>
   </div>
   <div class='ocr_carea' id='block_1_65' title="bbox 505 3428 2075 3499">
    <p class='ocr_par' dir='ltr' id='par_1_65' title="bbox 505 3428 2075 3499">
     <span class='ocr_line' id='line_1_65' title="bbox 505 3428 2075 3499; baseline -0.001 -12"><span class='ocrx_word' id='word_1_455' title='bbox 505 3435 640 3487; x_wconf 62' lang='lat' dir='ltr'><strong>tium</strong></span> <span class='ocrx_word' id='word_1_456' title='bbox 676 3430 973 3499; x_wconf 69' lang='lat' dir='ltr'><strong>contigisse</strong></span> <span class='ocrx_word' id='word_1_457' title='bbox 1024 3428 1259 3484; x_wconf 73' lang='lat' dir='ltr'><strong>debuit.</strong></span> <span class='ocrx_word' id='word_1_458' title='bbox 1294 3428 1489 3484; x_wconf 82' lang='lat' dir='ltr'><strong>Narrat</strong></span> <span class='ocrx_word' id='word_1_459' title='bbox 1552 3438 1737 3499; x_wconf 87' lang='lat' dir='ltr'><strong>postea</strong></span> <span class='ocrx_word' id='word_1_460' title='bbox 1783 3428 2075 3486; x_wconf 88' lang='lat' dir='ltr'><strong>historicus</strong></span> 
     </span>
    </p>
   </div>
   <div class='ocr_carea' id='block_1_66' title="bbox 505 3521 2074 3598">
    <p class='ocr_par' dir='ltr' id='par_1_66' title="bbox 505 3521 2074 3598">
     <span class='ocr_line' id='line_1_66' title="bbox 505 3521 2074 3598; baseline -0.004 -15"><span class='ocrx_word' id='word_1_461' title='bbox 505 3526 813 3598; x_wconf 64' lang='lat' dir='ltr'><strong>perculsum</strong></span> <span class='ocrx_word' id='word_1_462' title='bbox 845 3522 1215 3579; x_wconf 85' lang='lat' dir='ltr'><strong>Andronicum</strong></span> <span class='ocrx_word' id='word_1_463' title='bbox 1245 3523 1813 3578; x_wconf 88' lang='lat' dir='ltr'><strong>excommunicatione</strong></span> <span class='ocrx_word' id='word_1_464' title='bbox 1842 3540 1871 3576; x_wconf 89' lang='lat' dir='ltr'><strong>a</strong></span> <span class='ocrx_word' id='word_1_465' title='bbox 1906 3521 2074 3579; x_wconf 66' lang='lat' dir='ltr'><strong>Joano</strong></span> 
     </span>
    </p>
   </div>
   <div class='ocr_carea' id='block_1_67' title="bbox 507 3616 2072 3691">
    <p class='ocr_par' dir='ltr' id='par_1_67' title="bbox 507 3616 2072 3691">
     <span class='ocr_line' id='line_1_67' title="bbox 507 3616 2072 3691; baseline -0.004 -14"><span class='ocrx_word' id='word_1_466' title='bbox 507 3638 596 3686; x_wconf 89' lang='lat' dir='ltr'><strong>ne,</strong></span> <span class='ocrx_word' id='word_1_467' title='bbox 622 3627 904 3691; x_wconf 77' lang='lat' dir='ltr'><strong>postquam</strong></span> <span class='ocrx_word' id='word_1_468' title='bbox 936 3617 1085 3671; x_wconf 85' lang='lat' dir='ltr'><strong>illum</strong></span> <span class='ocrx_word' id='word_1_469' title='bbox 1120 3618 1235 3685; x_wconf 88' lang='lat' dir='ltr'><strong>ipse</strong></span> <span class='ocrx_word' id='word_1_470' title='bbox 1262 3630 1447 3671; x_wconf 76' lang='lat' dir='ltr'><strong>verum</strong></span> <span class='ocrx_word' id='word_1_471' title='bbox 1477 3616 1658 3672; x_wconf 83' lang='lat' dir='ltr'><strong>adhuc</strong></span> <span class='ocrx_word' id='word_1_472' title='bbox 1704 3617 2072 3686; x_wconf 82' lang='lat' dir='ltr'><strong>patriarcliam</strong></span> 
     </span>
    </p>
   </div>
   <div class='ocr_carea' id='block_1_68' title="bbox 508 3708 2077 3786">
    <p class='ocr_par' dir='ltr' id='par_1_68' title="bbox 508 3708 2077 3786">
     <span class='ocr_line' id='line_1_68' title="bbox 508 3708 2077 3786; baseline -0.004 -16"><span class='ocrx_word' id='word_1_473' title='bbox 508 3721 824 3786; x_wconf 75' lang='lat' dir='ltr'><strong>agnoverat,</strong></span> <span class='ocrx_word' id='word_1_474' title='bbox 844 3711 897 3765; x_wconf 90' lang='lat' dir='ltr'><strong>iu</strong></span> <span class='ocrx_word' id='word_1_475' title='bbox 918 3724 1011 3765; x_wconf 85' lang='lat' dir='ltr'><strong>eos</strong></span> <span class='ocrx_word' id='word_1_476' title='bbox 1031 3710 1299 3763; x_wconf 83' lang='lat' dir='ltr'><strong>intentata</strong></span> <span class='ocrx_word' id='word_1_477' title='bbox 1321 3708 1411 3777; x_wconf 88' lang='lat' dir='ltr'><strong>qui</strong></span> <span class='ocrx_word' id='word_1_478' title='bbox 1436 3709 1793 3764; x_wconf 82' lang='lat' dir='ltr'><strong>Athanasium</strong></span> <span class='ocrx_word' id='word_1_479' title='bbox 1816 3725 2077 3782; x_wconf 87' lang='lat' dir='ltr'><strong>reponere</strong></span> 
     </span>
    </p>
   </div>
   <div class='ocr_carea' id='block_1_69' title="bbox 506 3802 2073 3878">
    <p class='ocr_par' dir='ltr' id='par_1_69' title="bbox 506 3802 2073 3878">
     <span class='ocr_line' id='line_1_69' title="bbox 506 3802 2073 3878; baseline -0.003 -15"><span class='ocrx_word' id='word_1_480' title='bbox 506 3809 561 3863; x_wconf 91' lang='lat' dir='ltr'><strong>in</strong></span> <span class='ocrx_word' id='word_1_481' title='bbox 600 3806 729 3878; x_wconf 75' lang='lat' dir='ltr'><strong>sede</strong></span> <span class='ocrx_word' id='word_1_482' title='bbox 751 3803 1092 3875; x_wconf 82' lang='lat' dir='ltr'><strong>molirentur,</strong></span> <span class='ocrx_word' id='word_1_483' title='bbox 1126 3803 1358 3855; x_wconf 84' lang='lat' dir='ltr'><strong>multum</strong></span> <span class='ocrx_word' id='word_1_484' title='bbox 1390 3802 1668 3857; x_wconf 81' lang='lat' dir='ltr'><strong>remisisse</strong></span> <span class='ocrx_word' id='word_1_485' title='bbox 1711 3804 1776 3857; x_wconf 89' lang='lat' dir='ltr'><strong>de</strong></span> <span class='ocrx_word' id='word_1_486' title='bbox 1808 3804 1986 3859; x_wconf 89' lang='lat' dir='ltr'><strong>studio</strong></span> <span class='ocrx_word' id='word_1_487' title='bbox 2022 3806 2073 3859; x_wconf 90' lang='lat' dir='ltr'><strong>iu</strong></span> 
     </span>
    </p>
   </div>
   <div class='ocr_carea' id='block_1_70' title="bbox 500 3892 2075 3962">
    <p class='ocr_par' dir='ltr' id='par_1_70' title="bbox 500 3892 2075 3962">
     <span class='ocr_line' id='line_1_70' title="bbox 500 3892 2075 3962; baseline -0.003 -6"><span class='ocrx_word' id='word_1_488' title='bbox 500 3916 623 3957; x_wconf 81' lang='lat' dir='ltr'><strong>eam</strong></span> <span class='ocrx_word' id='word_1_489' title='bbox 659 3897 1054 3954; x_wconf 69' lang='lat' dir='ltr'><strong>restitutionem</strong></span> <span class='ocrx_word' id='word_1_490' title='bbox 1101 3910 1219 3949; x_wconf 89' lang='lat' dir='ltr'><strong>suo.</strong></span> <span class='ocrx_word' id='word_1_491' title='bbox 1269 3892 1591 3962; x_wconf 83' lang='lat' dir='ltr'><strong>Supervenit</strong></span> <span class='ocrx_word' id='word_1_492' title='bbox 1645 3892 1731 3950; x_wconf 88' lang='lat' dir='ltr'><strong>his</strong></span> <span class='ocrx_word' id='word_1_493' title='bbox 1763 3896 1982 3952; x_wconf 88' lang='lat' dir='ltr'><strong>morbus</strong></span> <span class='ocrx_word' id='word_1_494' title='bbox 2024 3905 2075 3952; x_wconf 89' lang='lat' dir='ltr'><strong>ct</strong></span> 
     </span>
    </p>
   </div>
   <div class='ocr_carea' id='block_1_71' title="bbox 508 3985 2077 4058">
    <p class='ocr_par' dir='ltr' id='par_1_71' title="bbox 508 3985 2077 4058">
     <span class='ocr_line' id='line_1_71' title="bbox 508 3985 2077 4058; baseline -0.002 -11"><span class='ocrx_word' id='word_1_495' title='bbox 508 4008 655 4047; x_wconf 84' lang='lat' dir='ltr'><strong>mors</strong></span> <span class='ocrx_word' id='word_1_496' title='bbox 683 3990 983 4045; x_wconf 74' lang='lat' dir='ltr'><strong>Theodortn</strong></span> <span class='ocrx_word' id='word_1_497' title='bbox 1016 3988 1273 4058; x_wconf 72' lang='lat' dir='ltr'><strong>Augustas</strong></span> <span class='ocrx_word' id='word_1_498' title='bbox 1327 3985 1513 4041; x_wconf 81' lang='lat' dir='ltr'><strong>matris</strong></span> <span class='ocrx_word' id='word_1_499' title='bbox 1545 3985 1864 4051; x_wconf 86' lang='lat' dir='ltr'><strong>Andronici,</strong></span> <span class='ocrx_word' id='word_1_500' title='bbox 1916 3989 2077 4044; x_wconf 85' lang='lat' dir='ltr'><strong>rebus</strong></span> 
     </span>
    </p>
   </div>
   <div class='ocr_carea' id='block_1_72' title="bbox 506 4075 2079 4151">
    <p class='ocr_par' dir='ltr' id='par_1_72' title="bbox 506 4075 2079 4151">
     <span class='ocr_line' id='line_1_72' title="bbox 506 4075 2079 4151; baseline -0.002 -11"><span class='ocrx_word' id='word_1_501' title='bbox 506 4083 764 4140; x_wconf 78' lang='lat' dir='ltr'><strong>humanis</strong></span> <span class='ocrx_word' id='word_1_502' title='bbox 803 4080 965 4151; x_wconf 81' lang='lat'><strong>790</strong></span> <span class='ocrx_word' id='word_1_503' title='bbox 1011 4078 1307 4134; x_wconf 77' lang='lat' dir='ltr'><strong>subtractae</strong></span> <span class='ocrx_word' id='word_1_504' title='bbox 1353 4075 1489 4134; x_wconf 88' lang='lat' dir='ltr'><strong>feria</strong></span> <span class='ocrx_word' id='word_1_505' title='bbox 1542 4082 1776 4137; x_wconf 86' lang='lat' dir='ltr'><strong>secunda</strong></span> <span class='ocrx_word' id='word_1_506' title='bbox 1829 4082 2079 4138; x_wconf 81' lang='lat' dir='ltr'><strong>secundae</strong></span> 
     </span>
    </p>
   </div>
   <div class='ocr_carea' id='block_1_73' title="bbox 499 4170 2080 4249">
    <p class='ocr_par' dir='ltr' id='par_1_73' title="bbox 499 4170 2080 4249">
     <span class='ocr_line' id='line_1_73' title="bbox 499 4170 2080 4249; baseline -0.004 -13"><span class='ocrx_word' id='word_1_507' title='bbox 499 4176 833 4249; x_wconf 69' lang='lat' dir='ltr'><strong>jejuniorum</strong></span> <span class='ocrx_word' id='word_1_508' title='bbox 866 4172 1242 4237; x_wconf 35' lang='lat' dir='ltr'><strong>hebdomadas,</strong></span> <span class='ocrx_word' id='word_1_509' title='bbox 1271 4170 1379 4227; x_wconf 88' lang='lat' dir='ltr'><strong>hoc</strong></span> <span class='ocrx_word' id='word_1_510' title='bbox 1409 4182 1493 4227; x_wconf 83' lang='lat' dir='ltr'><strong>est</strong></span> <span class='ocrx_word' id='word_1_511' title='bbox 1520 4172 1608 4227; x_wconf 85' lang='lat' dir='ltr'><strong>die</strong></span> <span class='ocrx_word' id='word_1_512' title='bbox 1659 4173 1937 4229; x_wconf 82' lang='lat' dir='ltr'><strong>Februarii</strong></span> <span class='ocrx_word' id='word_1_513' title='bbox 1990 4175 2080 4230; x_wconf 84' lang='lat' dir='ltr'><strong>de-</strong></span> 
     </span>
    </p>
   </div>
   <div class='ocr_carea' id='block_1_74' title="bbox 398 4261 2079 4335">
    <p class='ocr_par' dir='ltr' id='par_1_74' title="bbox 398 4261 2079 4335">
     <span class='ocr_line' id='line_1_74' title="bbox 398 4261 2079 4335; baseline -0.001 -16"><span class='ocrx_word' id='word_1_514' title='bbox 398 4313 404 4319; x_wconf 88' lang='lat'><strong>.</strong></span> <span class='ocrx_word' id='word_1_515' title='bbox 500 4269 643 4323; x_wconf 82' lang='lat' dir='ltr'><strong>cima</strong></span> <span class='ocrx_word' id='word_1_516' title='bbox 673 4268 847 4330; x_wconf 80' lang='lat' dir='ltr'><strong>sexta,</strong></span> <span class='ocrx_word' id='word_1_517' title='bbox 870 4272 934 4319; x_wconf 82' lang='lat' dir='ltr'><strong>ut</strong></span> <span class='ocrx_word' id='word_1_518' title='bbox 988 4278 1042 4333; x_wconf 90' lang='lat' dir='ltr'><strong>p.</strong></span> <span class='ocrx_word' id='word_1_519' title='bbox 1074 4261 1178 4317; x_wconf 72' lang='lat'><strong>577</strong></span> <span class='ocrx_word' id='word_1_520' title='bbox 1218 4262 1483 4328; x_wconf 85' lang='lat' dir='ltr'><strong>refertur;</strong></span> <span class='ocrx_word' id='word_1_521' title='bbox 1508 4264 2079 4335; x_wconf 78' lang='lat' dir='ltr'><strong>sigtiillcaturqueibi-</strong></span> 
     </span>
    </p>
   </div>
   <div class='ocr_carea' id='block_1_75' title="bbox 505 4355 2073 4435">
    <p class='ocr_par' dir='ltr' id='par_1_75' title="bbox 505 4355 2073 4435">
     <span class='ocr_line' id='line_1_75' title="bbox 505 4355 2073 4435; baseline -0.004 -19"><span class='ocrx_word' id='word_1_522' title='bbox 505 4368 625 4435; x_wconf 69' lang='lat' dir='ltr'><strong>dent</strong></span> <span class='ocrx_word' id='word_1_523' title='bbox 649 4372 811 4413; x_wconf 84' lang='lat' dir='ltr'><strong>curas</strong></span> <span class='ocrx_word' id='word_1_524' title='bbox 844 4357 1123 4410; x_wconf 84' lang='lat' dir='ltr'><strong>universas</strong></span> <span class='ocrx_word' id='word_1_525' title='bbox 1152 4355 1494 4425; x_wconf 87' lang='lat' dir='ltr'><strong>imperatoris</strong></span> <span class='ocrx_word' id='word_1_526' title='bbox 1520 4357 1585 4408; x_wconf 87' lang='lat' dir='ltr'><strong>ad</strong></span> <span class='ocrx_word' id='word_1_527' title='bbox 1615 4357 1931 4419; x_wconf 83' lang='lat' dir='ltr'><strong>curandam,</strong></span> <span class='ocrx_word' id='word_1_528' title='bbox 1951 4357 2073 4409; x_wconf 87' lang='lat' dir='ltr'><strong>dum</strong></span> 
     </span>
    </p>
   </div>
   <div class='ocr_carea' id='block_1_76' title="bbox 2174 3152 3754 3223">
    <p class='ocr_par' dir='ltr' id='par_1_76' title="bbox 2174 3152 3754 3223">
     <span class='ocr_line' id='line_1_76' title="bbox 2174 3152 3754 3223; baseline -0.001 -13"><span class='ocrx_word' id='word_1_529' title='bbox 2174 3156 2301 3210; x_wconf 88' lang='lat' dir='ltr'><strong>dere</strong></span> <span class='ocrx_word' id='word_1_530' title='bbox 2332 3154 2529 3209; x_wconf 89' lang='lat' dir='ltr'><strong>iterum</strong></span> <span class='ocrx_word' id='word_1_531' title='bbox 2556 3154 2816 3223; x_wconf 83' lang='lat' dir='ltr'><strong>coepisse.</strong></span> <span class='ocrx_word' id='word_1_532' title='bbox 2854 3152 3009 3210; x_wconf 87' lang='lat' dir='ltr'><strong>Unde</strong></span> <span class='ocrx_word' id='word_1_533' title='bbox 3060 3153 3424 3223; x_wconf 86' lang='lat' dir='ltr'><strong>consequitur</strong></span> <span class='ocrx_word' id='word_1_534' title='bbox 3481 3152 3754 3210; x_wconf 74' lang='lat' dir='ltr'><strong>Joannem</strong></span> 
     </span>
    </p>
   </div>
   <div class='ocr_carea' id='block_1_77' title="bbox 2173 3243 3753 3314">
    <p class='ocr_par' dir='ltr' id='par_1_77' title="bbox 2173 3243 3753 3314">
     <span class='ocr_line' id='line_1_77' title="bbox 2173 3243 3753 3314; baseline 0.001 -12"><span class='ocrx_word' id='word_1_535' title='bbox 2173 3246 2426 3302; x_wconf 88' lang='lat' dir='ltr'><strong>Cosmam</strong></span> <span class='ocrx_word' id='word_1_536' title='bbox 2457 3260 2486 3299; x_wconf 77' lang='grc' dir='ltr'><strong>τι</strong></span> <span class='ocrx_word' id='word_1_537' title='bbox 2512 3244 2776 3300; x_wconf 81' lang='lat' dir='ltr'><strong>Kalendis</strong></span> <span class='ocrx_word' id='word_1_538' title='bbox 2830 3243 3112 3301; x_wconf 87' lang='lat' dir='ltr'><strong>Januariis</strong></span> <span class='ocrx_word' id='word_1_539' title='bbox 3154 3246 3282 3300; x_wconf 88' lang='lat' dir='ltr'><strong>anni</strong></span> <span class='ocrx_word' id='word_1_540' title='bbox 3321 3244 3524 3302; x_wconf 85' lang='lat' dir='ltr'><strong>Christi</strong></span> <span class='ocrx_word' id='word_1_541' title='bbox 3596 3248 3753 3314; x_wconf 60' lang='lat' dir='ltr'><strong>i295,</strong></span> 
     </span>
    </p>
   </div>
   <div class='ocr_carea' id='block_1_78' title="bbox 2173 3332 3751 3403">
    <p class='ocr_par' dir='ltr' id='par_1_78' title="bbox 2173 3332 3751 3403">
     <span class='ocr_line' id='line_1_78' title="bbox 2173 3332 3751 3403; baseline 0.003 -17"><span class='ocrx_word' id='word_1_542' title='bbox 2173 3334 2239 3388; x_wconf 89' lang='lat' dir='ltr'><strong>ad</strong></span> <span class='ocrx_word' id='word_1_543' title='bbox 2264 3332 2406 3387; x_wconf 90' lang='lat' dir='ltr'><strong>diem</strong></span> <span class='ocrx_word' id='word_1_544' title='bbox 2429 3332 2501 3388; x_wconf 71' lang='grc'><strong>25</strong></span> <span class='ocrx_word' id='word_1_545' title='bbox 2528 3332 2754 3403; x_wconf 80' lang='lat' dir='ltr'><strong>Augusti</strong></span> <span class='ocrx_word' id='word_1_546' title='bbox 2778 3334 2901 3388; x_wconf 80' lang='lat' dir='ltr'><strong>amti</strong></span> <span class='ocrx_word' id='word_1_547' title='bbox 2932 3333 3135 3389; x_wconf 87' lang='lat' dir='ltr'><strong>Christi</strong></span> <span class='ocrx_word' id='word_1_548' title='bbox 3156 3334 3316 3397; x_wconf 58' lang='lat' dir='ltr'><strong>i301,</strong></span> <span class='ocrx_word' id='word_1_549' title='bbox 3335 3336 3498 3392; x_wconf 84' lang='lat' dir='ltr'><strong>anuis</strong></span> <span class='ocrx_word' id='word_1_550' title='bbox 3527 3353 3751 3403; x_wconf 85' lang='lat' dir='ltr'><strong>novem,</strong></span> 
     </span>
    </p>
   </div>
   <div class='ocr_carea' id='block_1_79' title="bbox 2175 3425 3754 3499">
    <p class='ocr_par' dir='ltr' id='par_1_79' title="bbox 2175 3425 3754 3499">
     <span class='ocr_line' id='line_1_79' title="bbox 2175 3425 3754 3499; baseline 0.005 -20"><span class='ocrx_word' id='word_1_551' title='bbox 2175 3437 2384 3493; x_wconf 89' lang='lat' dir='ltr'><strong>septem</strong></span> <span class='ocrx_word' id='word_1_552' title='bbox 2423 3426 2700 3482; x_wconf 87' lang='lat' dir='ltr'><strong>mensibus</strong></span> <span class='ocrx_word' id='word_1_553' title='bbox 2722 3438 2775 3483; x_wconf 88' lang='lat' dir='ltr'><strong>et</strong></span> <span class='ocrx_word' id='word_1_554' title='bbox 2819 3425 2891 3481; x_wconf 73' lang='grc'><strong>22</strong></span> <span class='ocrx_word' id='word_1_555' title='bbox 2938 3437 3203 3498; x_wconf 70' lang='lat' dir='ltr'><strong>praeterea</strong></span> <span class='ocrx_word' id='word_1_556' title='bbox 3257 3428 3471 3496; x_wconf 87' lang='lat' dir='ltr'><strong>diebus,</strong></span> <span class='ocrx_word' id='word_1_557' title='bbox 3516 3432 3754 3499; x_wconf 84' lang='lat' dir='ltr'><strong>patriar-</strong></span> 
     </span>
    </p>
   </div>
   <div class='ocr_carea' id='block_1_80' title="bbox 2176 3518 2692 3574">
    <p class='ocr_par' dir='ltr' id='par_1_80' title="bbox 2176 3518 2692 3574">
     <span class='ocr_line' id='line_1_80' title="bbox 2176 3518 2692 3574; baseline 0.002 -1"><span class='ocrx_word' id='word_1_558' title='bbox 2176 3518 2397 3573; x_wconf 90' lang='lat' dir='ltr'><strong>chatum</strong></span> <span class='ocrx_word' id='word_1_559' title='bbox 2430 3520 2692 3574; x_wconf 80' lang='lat' dir='ltr'><strong>tenuisse.</strong></span> 
     </span>
    </p>
   </div>
   <div class='ocr_carea' id='block_1_81' title="bbox 2221 3609 3753 3673">
    <p class='ocr_par' dir='ltr' id='par_1_81' title="bbox 2221 3609 3753 3673">
     <span class='ocr_line' id='line_1_81' title="bbox 2221 3609 3753 3673; baseline 0.004 -8"><span class='ocrx_word' id='word_1_560' title='bbox 2221 3609 2362 3668; x_wconf 50' lang='grc' dir='ltr'><strong>ιιι.</strong></span> <span class='ocrx_word' id='word_1_561' title='bbox 2398 3610 2585 3665; x_wconf 82' lang='lat' dir='ltr'><strong>Restat</strong></span> <span class='ocrx_word' id='word_1_562' title='bbox 2612 3612 2702 3667; x_wconf 88' lang='lat' dir='ltr'><strong>hic</strong></span> <span class='ocrx_word' id='word_1_563' title='bbox 2727 3611 3070 3668; x_wconf 76' lang='lat' dir='ltr'><strong>definiendus</strong></span> <span class='ocrx_word' id='word_1_564' title='bbox 3101 3629 3281 3670; x_wconf 86' lang='lat' dir='ltr'><strong>annus</strong></span> <span class='ocrx_word' id='word_1_565' title='bbox 3302 3614 3478 3670; x_wconf 82' lang='lat' dir='ltr'><strong>eventi</strong></span> <span class='ocrx_word' id='word_1_566' title='bbox 3530 3617 3753 3673; x_wconf 83' lang='lat' dir='ltr'><strong>notabi-</strong></span> 
     </span>
    </p>
   </div>
   <div class='ocr_carea' id='block_1_82' title="bbox 2178 3704 3753 3775">
    <p class='ocr_par' dir='ltr' id='par_1_82' title="bbox 2178 3704 3753 3775">
     <span class='ocr_line' id='line_1_82' title="bbox 2178 3704 3753 3775; baseline 0.004 -17"><span class='ocrx_word' id='word_1_567' title='bbox 2178 3704 2247 3759; x_wconf 87' lang='lat' dir='ltr'><strong>lis</strong></span> <span class='ocrx_word' id='word_1_568' title='bbox 2280 3719 2309 3757; x_wconf 87' lang='lat' dir='ltr'><strong>a</strong></span> <span class='ocrx_word' id='word_1_569' title='bbox 2337 3715 2527 3759; x_wconf 81' lang='lat' dir='ltr'><strong>nostro</strong></span> <span class='ocrx_word' id='word_1_570' title='bbox 2567 3706 2827 3760; x_wconf 86' lang='lat' dir='ltr'><strong>historico</strong></span> <span class='ocrx_word' id='word_1_571' title='bbox 2854 3708 3009 3761; x_wconf 86' lang='lat' dir='ltr'><strong>relati</strong></span> <span class='ocrx_word' id='word_1_572' title='bbox 3040 3705 3074 3761; x_wconf 92' lang='grc'><strong>1.</strong></span> <span class='ocrx_word' id='word_1_573' title='bbox 3109 3722 3191 3770; x_wconf 78' lang='grc' dir='ltr'><strong>ιιι,</strong></span> <span class='ocrx_word' id='word_1_574' title='bbox 3219 3722 3267 3762; x_wconf 94' lang='lat' dir='ltr'><strong>c.</strong></span> <span class='ocrx_word' id='word_1_575' title='bbox 3309 3707 3402 3772; x_wconf 65' lang='grc'><strong>24,</strong></span> <span class='ocrx_word' id='word_1_576' title='bbox 3440 3710 3588 3775; x_wconf 85' lang='lat' dir='ltr'><strong>quod</strong></span> <span class='ocrx_word' id='word_1_577' title='bbox 3635 3710 3753 3765; x_wconf 88' lang='lat' dir='ltr'><strong>sine</strong></span> 
     </span>
    </p>
   </div>
   <div class='ocr_carea' id='block_1_83' title="bbox 2177 3796 3755 3868">
    <p class='ocr_par' dir='ltr' id='par_1_83' title="bbox 2177 3796 3755 3868">
     <span class='ocr_line' id='line_1_83' title="bbox 2177 3796 3755 3868; baseline 0.001 -17"><span class='ocrx_word' id='word_1_578' title='bbox 2177 3796 2341 3853; x_wconf 87' lang='lat' dir='ltr'><strong>dubio</strong></span> <span class='ocrx_word' id='word_1_579' title='bbox 2368 3796 2435 3853; x_wconf 88' lang='lat' dir='ltr'><strong>ad</strong></span> <span class='ocrx_word' id='word_1_580' title='bbox 2467 3798 2896 3868; x_wconf 80' lang='lat' dir='ltr'><strong>patriarchalum</strong></span> <span class='ocrx_word' id='word_1_581' title='bbox 2926 3800 3153 3855; x_wconf 86' lang='lat' dir='ltr'><strong>Joannis</strong></span> <span class='ocrx_word' id='word_1_582' title='bbox 3189 3799 3395 3856; x_wconf 67' lang='lat' dir='ltr'><strong>Cosme:</strong></span> <span class='ocrx_word' id='word_1_583' title='bbox 3446 3800 3538 3857; x_wconf 87' lang='lat' dir='ltr'><strong>hic</strong></span> <span class='ocrx_word' id='word_1_584' title='bbox 3569 3817 3602 3856; x_wconf 88' lang='lat' dir='ltr'><strong>a</strong></span> <span class='ocrx_word' id='word_1_585' title='bbox 3658 3818 3755 3856; x_wconf 88' lang='lat' dir='ltr'><strong>nu-</strong></span> 
     </span>
    </p>
   </div>
   <div class='ocr_carea' id='block_1_84' title="bbox 2179 3890 3837 3962">
    <p class='ocr_par' dir='ltr' id='par_1_84' title="bbox 2179 3890 3837 3962">
     <span class='ocr_line' id='line_1_84' title="bbox 2179 3890 3837 3962; baseline 0.003 -18"><span class='ocrx_word' id='word_1_586' title='bbox 2179 3891 2261 3944; x_wconf 88' lang='lat' dir='ltr'><strong>bis</strong></span> <span class='ocrx_word' id='word_1_587' title='bbox 2296 3890 2679 3962; x_wconf 79' lang='lat' dir='ltr'><strong>chronOIOgics</strong></span> <span class='ocrx_word' id='word_1_588' title='bbox 2699 3892 2911 3946; x_wconf 87' lang='lat' dir='ltr'><strong>ratione</strong></span> <span class='ocrx_word' id='word_1_589' title='bbox 2939 3891 3220 3947; x_wconf 84' lang='lat' dir='ltr'><strong>definitum</strong></span> <span class='ocrx_word' id='word_1_590' title='bbox 3255 3895 3513 3962; x_wconf 89' lang='lat' dir='ltr'><strong>pertinet.</strong></span> <span class='ocrx_word' id='word_1_591' title='bbox 3558 3891 3751 3951; x_wconf 76' lang='lat' dir='ltr'><strong>Refert</strong></span> <span class='ocrx_word' id='word_1_592' title='bbox 3832 3918 3837 3921; x_wconf 27' lang='grc' dir='ltr'><strong>Α</strong></span> 
     </span>
    </p>
   </div>
   <div class='ocr_carea' id='block_1_85' title="bbox 2180 3976 3749 4054">
    <p class='ocr_par' dir='ltr' id='par_1_85' title="bbox 2180 3976 3749 4054">
     <span class='ocr_line' id='line_1_85' title="bbox 2180 3976 3749 4054; baseline 0.006 -23"><span class='ocrx_word' id='word_1_593' title='bbox 2180 3976 2298 4033; x_wconf 85' lang='lat' dir='ltr'><strong>loco</strong></span> <span class='ocrx_word' id='word_1_594' title='bbox 2346 3977 2564 4034; x_wconf 86' lang='lat' dir='ltr'><strong>laudato</strong></span> <span class='ocrx_word' id='word_1_595' title='bbox 2618 3979 2982 4052; x_wconf 85' lang='lat' dir='ltr'><strong>Pacltymeres</strong></span> <span class='ocrx_word' id='word_1_596' title='bbox 3048 3996 3241 4049; x_wconf 85' lang='lat' dir='ltr'><strong>pueros</strong></span> <span class='ocrx_word' id='word_1_597' title='bbox 3275 3983 3564 4054; x_wconf 82' lang='lat' dir='ltr'><strong>quosdam,</strong></span> <span class='ocrx_word' id='word_1_598' title='bbox 3624 3986 3749 4041; x_wconf 86' lang='lat' dir='ltr'><strong>dum</strong></span> 
     </span>
    </p>
   </div>
   <div class='ocr_carea' id='block_1_86' title="bbox 2179 4070 3752 4141">
    <p class='ocr_par' dir='ltr' id='par_1_86' title="bbox 2179 4070 3752 4141">
     <span class='ocr_line' id='line_1_86' title="bbox 2179 4070 3752 4141; baseline 0.006 -18"><span class='ocrx_word' id='word_1_599' title='bbox 2179 4084 2370 4125; x_wconf 89' lang='lat' dir='ltr'><strong>mense</strong></span> <span class='ocrx_word' id='word_1_600' title='bbox 2401 4070 2708 4141; x_wconf 86' lang='lat' dir='ltr'><strong>Septembri</strong></span> <span class='ocrx_word' id='word_1_601' title='bbox 2742 4073 2897 4127; x_wconf 90' lang='lat' dir='ltr'><strong>nidos</strong></span> <span class='ocrx_word' id='word_1_602' title='bbox 2941 4072 3312 4128; x_wconf 85' lang='lat' dir='ltr'><strong>columbarum</strong></span> <span class='ocrx_word' id='word_1_603' title='bbox 3375 4078 3427 4130; x_wconf 87' lang='lat' dir='ltr'><strong>in</strong></span> <span class='ocrx_word' id='word_1_604' title='bbox 3491 4078 3752 4135; x_wconf 79' lang='lat' dir='ltr'><strong>catechu-</strong></span> 
     </span>
    </p>
   </div>
   <div class='ocr_carea' id='block_1_87' title="bbox 2180 4166 3749 4239">
    <p class='ocr_par' dir='ltr' id='par_1_87' title="bbox 2180 4166 3749 4239">
     <span class='ocr_line' id='line_1_87' title="bbox 2180 4166 3749 4239; baseline 0.007 -23"><span class='ocrx_word' id='word_1_605' title='bbox 2180 4166 2802 4230; x_wconf 83' lang='lat' dir='ltr'><strong>meueisscrutareutur,</strong></span> <span class='ocrx_word' id='word_1_606' title='bbox 2854 4172 3022 4220; x_wconf 79' lang='lat' dir='ltr'><strong>testas</strong></span> <span class='ocrx_word' id='word_1_607' title='bbox 3082 4166 3239 4238; x_wconf 71' lang='lat'><strong>791</strong></span> <span class='ocrx_word' id='word_1_608' title='bbox 3298 4171 3565 4239; x_wconf 88' lang='lat' dir='ltr'><strong>reperisse</strong></span> <span class='ocrx_word' id='word_1_609' title='bbox 3606 4173 3749 4228; x_wconf 86' lang='lat' dir='ltr'><strong>intra</strong></span> 
     </span>
    </p>
   </div>
   <div class='ocr_carea' id='block_1_88' title="bbox 2179 4256 3748 4336">
    <p class='ocr_par' dir='ltr' id='par_1_88' title="bbox 2179 4256 3748 4336">
     <span class='ocr_line' id='line_1_88' title="bbox 2179 4256 3748 4336; baseline 0.006 -26"><span class='ocrx_word' id='word_1_610' title='bbox 2179 4272 2312 4327; x_wconf 87' lang='lat' dir='ltr'><strong>quas</strong></span> <span class='ocrx_word' id='word_1_611' title='bbox 2368 4256 2704 4312; x_wconf 75' lang='lat' dir='ltr'><strong>Athanasius</strong></span> <span class='ocrx_word' id='word_1_612' title='bbox 2762 4259 3100 4329; x_wconf 81' lang='lat' dir='ltr'><strong>patriarchio</strong></span> <span class='ocrx_word' id='word_1_613' title='bbox 3170 4276 3497 4319; x_wconf 81' lang='lat' dir='ltr'><strong>excessurus</strong></span> <span class='ocrx_word' id='word_1_614' title='bbox 3543 4267 3748 4336; x_wconf 84' lang='lat' dir='ltr'><strong>scripta</strong></span> 
     </span>
    </p>
   </div>
   <div class='ocr_carea' id='block_1_89' title="bbox 2182 4350 3750 4423">
    <p class='ocr_par' dir='ltr' id='par_1_89' title="bbox 2182 4350 3750 4423">
     <span class='ocr_line' id='line_1_89' title="bbox 2182 4350 3750 4423; baseline 0.007 -21"><span class='ocrx_word' id='word_1_615' title='bbox 2182 4350 2427 4419; x_wconf 66' lang='lat' dir='ltr'><strong>quaedam</strong></span> <span class='ocrx_word' id='word_1_616' title='bbox 2466 4351 2783 4417; x_wconf 81' lang='lat' dir='ltr'><strong>incluserat,</strong></span> <span class='ocrx_word' id='word_1_617' title='bbox 2822 4361 2986 4423; x_wconf 87' lang='lat' dir='ltr'><strong>prout</strong></span> <span class='ocrx_word' id='word_1_618' title='bbox 3039 4354 3178 4408; x_wconf 89' lang='lat' dir='ltr'><strong>idem</strong></span> <span class='ocrx_word' id='word_1_619' title='bbox 3212 4365 3555 4422; x_wconf 81' lang='lat' dir='ltr'><strong>narraverat,</strong></span> <span class='ocrx_word' id='word_1_620' title='bbox 3596 4374 3651 4416; x_wconf 89' lang='lat' dir='ltr'><strong>c.</strong></span> <span class='ocrx_word' id='word_1_621' title='bbox 3676 4356 3750 4413; x_wconf 61' lang='grc' dir='ltr'><strong><em>Ἦ</em></strong></span> 
     </span>
    </p>
   </div>
   <div class='ocr_carea' id='block_1_90' title="bbox 503 4426 3748 4522">
    <p class='ocr_par' dir='ltr' id='par_1_90' title="bbox 503 4426 3748 4522">
     <span class='ocr_line' id='line_1_90' title="bbox 503 4426 3748 4522; baseline -0.001 -14"><span class='ocrx_word' id='word_1_622' title='bbox 503 4426 807 4522; x_wconf 71' lang='lat' dir='ltr'><strong>regrotavit,</strong></span> <span class='ocrx_word' id='word_1_623' title='bbox 830 4457 881 4502; x_wconf 91' lang='lat' dir='ltr'><strong>et</strong></span> <span class='ocrx_word' id='word_1_624' title='bbox 905 4457 1191 4516; x_wconf 70' lang='lat' dir='ltr'><strong>postquam</strong></span> <span class='ocrx_word' id='word_1_625' title='bbox 1243 4444 1358 4501; x_wconf 89' lang='lat' dir='ltr'><strong>fato</strong></span> <span class='ocrx_word' id='word_1_626' title='bbox 1416 4444 1600 4501; x_wconf 85' lang='lat' dir='ltr'><strong>functa</strong></span> <span class='ocrx_word' id='word_1_627' title='bbox 1642 4454 1745 4510; x_wconf 89' lang='lat' dir='ltr'><strong>est,</strong></span> <span class='ocrx_word' id='word_1_628' title='bbox 1793 4448 2076 4517; x_wconf 76' lang='lat' dir='ltr'><strong>magnifico</strong></span> <span class='ocrx_word' id='word_1_629' title='bbox 2105 4426 2155 4484; x_wconf 84' lang='grc' dir='ltr'><strong>Ῐ)</strong></span> <span class='ocrx_word' id='word_1_630' title='bbox 2186 4452 2239 4497; x_wconf 78' lang='lat' dir='ltr'><strong>ct</strong></span> <span class='ocrx_word' id='word_1_631' title='bbox 2267 4442 2417 4511; x_wconf 67' lang='lat'><strong>23,1.</strong></span> <span class='ocrx_word' id='word_1_632' title='bbox 2453 4459 2514 4499; x_wconf 89' lang='grc' dir='ltr'><strong>ιι.</strong></span> <span class='ocrx_word' id='word_1_633' title='bbox 2570 4444 2763 4500; x_wconf 79' lang='lat' dir='ltr'><strong>llissic</strong></span> <span class='ocrx_word' id='word_1_634' title='bbox 2807 4446 3036 4513; x_wconf 88' lang='lat' dir='ltr'><strong>prolatis</strong></span> <span class='ocrx_word' id='word_1_635' title='bbox 3072 4446 3283 4502; x_wconf 86' lang='lat' dir='ltr'><strong>chartis</strong></span> <span class='ocrx_word' id='word_1_636' title='bbox 3337 4450 3613 4506; x_wconf 86' lang='lat' dir='ltr'><strong>turbatum</strong></span> <span class='ocrx_word' id='word_1_637' title='bbox 3661 4465 3748 4506; x_wconf 60' lang='lat' dir='ltr'><strong>ve.</strong></span> 
     </span>
    </p>
   </div>
   <div class='ocr_carea' id='block_1_91' title="bbox 504 4540 2074 4614">
    <p class='ocr_par' dir='ltr' id='par_1_91' title="bbox 504 4540 2074 4614">
     <span class='ocr_line' id='line_1_91' title="bbox 504 4540 2074 4614; baseline -0.003 -15"><span class='ocrx_word' id='word_1_638' title='bbox 504 4562 569 4600; x_wconf 88' lang='lat' dir='ltr'><strong>ac</strong></span> <span class='ocrx_word' id='word_1_639' title='bbox 599 4545 744 4614; x_wconf 85' lang='lat' dir='ltr'><strong>regio</strong></span> <span class='ocrx_word' id='word_1_640' title='bbox 775 4542 961 4595; x_wconf 90' lang='lat' dir='ltr'><strong>funere</strong></span> <span class='ocrx_word' id='word_1_641' title='bbox 1001 4540 1383 4596; x_wconf 87' lang='lat' dir='ltr'><strong>bonorandam</strong></span> <span class='ocrx_word' id='word_1_642' title='bbox 1433 4548 1659 4593; x_wconf 90' lang='lat' dir='ltr'><strong>matrem</strong></span> <span class='ocrx_word' id='word_1_643' title='bbox 1695 4554 1819 4595; x_wconf 87' lang='lat' dir='ltr'><strong>esse</strong></span> <span class='ocrx_word' id='word_1_644' title='bbox 1851 4556 2074 4595; x_wconf 78' lang='lat' dir='ltr'><strong>convcr-</strong></span> 
     </span>
    </p>
   </div>
   <div class='ocr_carea' id='block_1_92' title="bbox 504 4632 2075 4706">
    <p class='ocr_par' dir='ltr' id='par_1_92' title="bbox 504 4632 2075 4706">
     <span class='ocr_line' id='line_1_92' title="bbox 504 4632 2075 4706; baseline -0.004 -12"><span class='ocrx_word' id='word_1_645' title='bbox 504 4656 613 4694; x_wconf 61' lang='grc' dir='ltr'><strong>ιρις.</strong></span> <span class='ocrx_word' id='word_1_646' title='bbox 656 4637 784 4691; x_wconf 72' lang='lat' dir='ltr'><strong>Post</strong></span> <span class='ocrx_word' id='word_1_647' title='bbox 815 4634 1111 4692; x_wconf 75' lang='lat' dir='ltr'><strong>Paschales</strong></span> <span class='ocrx_word' id='word_1_648' title='bbox 1154 4650 1257 4691; x_wconf 90' lang='lat' dir='ltr'><strong>non</strong></span> <span class='ocrx_word' id='word_1_649' title='bbox 1286 4650 1483 4706; x_wconf 85' lang='lat' dir='ltr'><strong>magno</strong></span> <span class='ocrx_word' id='word_1_650' title='bbox 1512 4632 1639 4689; x_wconf 87' lang='lat' dir='ltr'><strong>inde</strong></span> <span class='ocrx_word' id='word_1_651' title='bbox 1672 4632 1958 4688; x_wconf 82' lang='lat' dir='ltr'><strong>intervallo</strong></span> <span class='ocrx_word' id='word_1_652' title='bbox 1992 4649 2075 4688; x_wconf 74' lang='lat' dir='ltr'><strong>sr-</strong></span> 
     </span>
    </p>
   </div>
   <div class='ocr_carea' id='block_1_93' title="bbox 504 4726 2073 4797">
    <p class='ocr_par' dir='ltr' id='par_1_93' title="bbox 504 4726 2073 4797">
     <span class='ocr_line' id='line_1_93' title="bbox 504 4726 2073 4797; baseline -0.004 -12"><span class='ocrx_word' id='word_1_653' title='bbox 504 4745 659 4786; x_wconf 78' lang='lat' dir='ltr'><strong>rutas</strong></span> <span class='ocrx_word' id='word_1_654' title='bbox 691 4731 857 4785; x_wconf 80' lang='lat' dir='ltr'><strong>ferias</strong></span> <span class='ocrx_word' id='word_1_655' title='bbox 885 4729 1005 4783; x_wconf 64' lang='lat' dir='ltr'><strong>alia:</strong></span> <span class='ocrx_word' id='word_1_656' title='bbox 1040 4738 1293 4797; x_wconf 89' lang='lat' dir='ltr'><strong>urgentes</strong></span> <span class='ocrx_word' id='word_1_657' title='bbox 1328 4727 1751 4783; x_wconf 87' lang='lat' dir='ltr'><strong>domesticorum</strong></span> <span class='ocrx_word' id='word_1_658' title='bbox 1782 4726 2073 4781; x_wconf 78' lang='lat' dir='ltr'><strong>alfectuum</strong></span> 
     </span>
    </p>
   </div>
   <div class='ocr_carea' id='block_1_94' title="bbox 504 4820 2077 4891">
    <p class='ocr_par' dir='ltr' id='par_1_94' title="bbox 504 4820 2077 4891">
     <span class='ocr_line' id='line_1_94' title="bbox 504 4820 2077 4891; baseline -0.006 -8"><span class='ocrx_word' id='word_1_659' title='bbox 504 4825 897 4883; x_wconf 75' lang='lat' dir='ltr'><strong>sollicitudines</strong></span> <span class='ocrx_word' id='word_1_660' title='bbox 946 4821 1237 4874; x_wconf 84' lang='lat' dir='ltr'><strong>Andronici</strong></span> <span class='ocrx_word' id='word_1_661' title='bbox 1297 4820 1535 4874; x_wconf 86' lang='lat' dir='ltr'><strong>animum</strong></span> <span class='ocrx_word' id='word_1_662' title='bbox 1575 4837 1603 4873; x_wconf 88' lang='lat' dir='ltr'><strong>a</strong></span> <span class='ocrx_word' id='word_1_663' title='bbox 1660 4820 1945 4891; x_wconf 75' lang='lat' dir='ltr'><strong>cogitando</strong></span> <span class='ocrx_word' id='word_1_664' title='bbox 2010 4821 2077 4875; x_wconf 83' lang='lat' dir='ltr'><strong>de</strong></span> 
     </span>
    </p>
   </div>
   <div class='ocr_carea' id='block_1_95' title="bbox 506 4913 2074 4978">
    <p class='ocr_par' dir='ltr' id='par_1_95' title="bbox 506 4913 2074 4978">
     <span class='ocr_line' id='line_1_95' title="bbox 506 4913 2074 4978; baseline -0.004 -3"><span class='ocrx_word' id='word_1_665' title='bbox 506 4917 807 4975; x_wconf 76' lang='lat' dir='ltr'><strong>Athanasio</strong></span> <span class='ocrx_word' id='word_1_666' title='bbox 862 4924 1198 4978; x_wconf 71' lang='lat' dir='ltr'><strong>averterunt,</strong></span> <span class='ocrx_word' id='word_1_667' title='bbox 1246 4928 1375 4965; x_wconf 81' lang='lat' dir='ltr'><strong>cura</strong></span> <span class='ocrx_word' id='word_1_668' title='bbox 1438 4913 1690 4964; x_wconf 76' lang='lat' dir='ltr'><strong>nimirum</strong></span> <span class='ocrx_word' id='word_1_669' title='bbox 1750 4914 2074 4968; x_wconf 64' lang='lat' dir='ltr'><strong>adornanda-</strong></span> 
     </span>
    </p>
   </div>
   <div class='ocr_carea' id='block_1_96' title="bbox 506 5004 2073 5083">
    <p class='ocr_par' dir='ltr' id='par_1_96' title="bbox 506 5004 2073 5083">
     <span class='ocr_line' id='line_1_96' title="bbox 506 5004 2073 5083; baseline -0.005 -17"><span class='ocrx_word' id='word_1_670' title='bbox 506 5010 857 5083; x_wconf 85' lang='lat' dir='ltr'><strong>profectionis</strong></span> <span class='ocrx_word' id='word_1_671' title='bbox 912 5008 1094 5060; x_wconf 79' lang='lat' dir='ltr'><strong>lrenes</strong></span> <span class='ocrx_word' id='word_1_672' title='bbox 1153 5021 1264 5060; x_wconf 72' lang='lat' dir='ltr'><strong>suae</strong></span> <span class='ocrx_word' id='word_1_673' title='bbox 1324 5005 1568 5074; x_wconf 79' lang='lat' dir='ltr'><strong>eonjngis</strong></span> <span class='ocrx_word' id='word_1_674' title='bbox 1632 5004 2073 5059; x_wconf 76' lang='lat' dir='ltr'><strong>Thessaiouiram</strong></span> 
     </span>
    </p>
   </div>
   <div class='ocr_carea' id='block_1_97' title="bbox 504 5097 2072 5176">
    <p class='ocr_par' dir='ltr' id='par_1_97' title="bbox 504 5097 2072 5176">
     <span class='ocr_line' id='line_1_97' title="bbox 504 5097 2072 5176; baseline -0.006 -15"><span class='ocrx_word' id='word_1_675' title='bbox 504 5104 816 5176; x_wconf 84' lang='lat' dir='ltr'><strong>cogitantis,</strong></span> <span class='ocrx_word' id='word_1_676' title='bbox 838 5116 891 5156; x_wconf 89' lang='lat' dir='ltr'><strong>ct</strong></span> <span class='ocrx_word' id='word_1_677' title='bbox 920 5100 1232 5169; x_wconf 85' lang='lat' dir='ltr'><strong>nuptiarum</strong></span> <span class='ocrx_word' id='word_1_678' title='bbox 1261 5097 1488 5151; x_wconf 85' lang='lat' dir='ltr'><strong>Joannis</strong></span> <span class='ocrx_word' id='word_1_679' title='bbox 1540 5098 1776 5166; x_wconf 73' lang='lat' dir='ltr'><strong>despota:</strong></span> <span class='ocrx_word' id='word_1_680' title='bbox 1832 5098 1913 5151; x_wconf 88' lang='lat' dir='ltr'><strong>sui</strong></span> <span class='ocrx_word' id='word_1_681' title='bbox 1979 5100 2072 5151; x_wconf 88' lang='lat' dir='ltr'><strong>lilii</strong></span> 
     </span>
    </p>
   </div>
   <div class='ocr_carea' id='block_1_98' title="bbox 506 5190 2076 5260">
    <p class='ocr_par' dir='ltr' id='par_1_98' title="bbox 506 5190 2076 5260">
     <span class='ocr_line' id='line_1_98' title="bbox 506 5190 2076 5260; baseline -0.004 -8"><span class='ocrx_word' id='word_1_682' title='bbox 506 5215 625 5252; x_wconf 84' lang='lat' dir='ltr'><strong>cum</strong></span> <span class='ocrx_word' id='word_1_683' title='bbox 663 5198 769 5251; x_wconf 83' lang='lat' dir='ltr'><strong>lilia</strong></span> <span class='ocrx_word' id='word_1_684' title='bbox 821 5193 1058 5251; x_wconf 86' lang='lat' dir='ltr'><strong>Chnmni</strong></span> <span class='ocrx_word' id='word_1_685' title='bbox 1087 5191 1167 5245; x_wconf 86' lang='lat' dir='ltr'><strong>sui</strong></span> <span class='ocrx_word' id='word_1_686' title='bbox 1203 5192 1442 5260; x_wconf 85' lang='lat' dir='ltr'><strong>primarii</strong></span> <span class='ocrx_word' id='word_1_687' title='bbox 1509 5192 1741 5245; x_wconf 77' lang='lat' dir='ltr'><strong>ministri</strong></span> <span class='ocrx_word' id='word_1_688' title='bbox 1794 5190 2076 5246; x_wconf 85' lang='lat' dir='ltr'><strong>celebran-</strong></span> 
     </span>
    </p>
   </div>
   <div class='ocr_carea' id='block_1_99' title="bbox 504 5282 2078 5357">
    <p class='ocr_par' dir='ltr' id='par_1_99' title="bbox 504 5282 2078 5357">
     <span class='ocr_line' id='line_1_99' title="bbox 504 5282 2078 5357; baseline -0.008 -11"><span class='ocrx_word' id='word_1_689' title='bbox 504 5294 733 5353; x_wconf 87' lang='lat' dir='ltr'><strong>darum;</strong></span> <span class='ocrx_word' id='word_1_690' title='bbox 770 5302 890 5357; x_wconf 68' lang='lat' dir='ltr'><strong>quae</strong></span> <span class='ocrx_word' id='word_1_691' title='bbox 920 5285 1099 5353; x_wconf 86' lang='lat' dir='ltr'><strong>capite</strong></span> <span class='ocrx_word' id='word_1_692' title='bbox 1140 5284 1333 5352; x_wconf 85' lang='lat' dir='ltr'><strong>quinto</strong></span> <span class='ocrx_word' id='word_1_693' title='bbox 1382 5290 1775 5346; x_wconf 83' lang='lat' dir='ltr'><strong>memorantur,</strong></span> <span class='ocrx_word' id='word_1_694' title='bbox 1830 5292 1883 5335; x_wconf 88' lang='lat' dir='ltr'><strong>et</strong></span> <span class='ocrx_word' id='word_1_695' title='bbox 1919 5282 2078 5334; x_wconf 69' lang='lat' dir='ltr'><strong>facile</strong></span> 
     </span>
    </p>
   </div>
   <div class='ocr_carea' id='block_1_100' title="bbox 509 5374 2075 5446">
    <p class='ocr_par' dir='ltr' id='par_1_100' title="bbox 509 5374 2075 5446">
     <span class='ocr_line' id='line_1_100' title="bbox 509 5374 2075 5446; baseline -0.009 -7"><span class='ocrx_word' id='word_1_696' title='bbox 509 5386 622 5439; x_wconf 89' lang='lat' dir='ltr'><strong>dies</strong></span> <span class='ocrx_word' id='word_1_697' title='bbox 655 5398 684 5436; x_wconf 90' lang='lat' dir='ltr'><strong>a</strong></span> <span class='ocrx_word' id='word_1_698' title='bbox 734 5379 943 5434; x_wconf 73' lang='lat' dir='ltr'><strong>Pascha</strong></span> <span class='ocrx_word' id='word_1_699' title='bbox 980 5377 1289 5446; x_wconf 79' lang='lat' dir='ltr'><strong>quindecim</strong></span> <span class='ocrx_word' id='word_1_700' title='bbox 1339 5376 1696 5445; x_wconf 80' lang='lat' dir='ltr'><strong>expleverint.</strong></span> <span class='ocrx_word' id='word_1_701' title='bbox 1739 5374 1933 5429; x_wconf 87' lang='lat' dir='ltr'><strong>Incidit</strong></span> <span class='ocrx_word' id='word_1_702' title='bbox 1976 5390 2075 5426; x_wconf 77' lang='lat' dir='ltr'><strong>au—</strong></span> 
     </span>
    </p>
   </div>
   <div class='ocr_carea' id='block_1_101' title="bbox 507 5466 2076 5534">
    <p class='ocr_par' dir='ltr' id='par_1_101' title="bbox 507 5466 2076 5534">
     <span class='ocr_line' id='line_1_101' title="bbox 507 5466 2076 5534; baseline -0.008 -1"><span class='ocrx_word' id='word_1_703' title='bbox 507 5490 613 5534; x_wconf 88' lang='lat' dir='ltr'><strong>tcm</strong></span> <span class='ocrx_word' id='word_1_704' title='bbox 658 5476 748 5530; x_wconf 89' lang='lat' dir='ltr'><strong>illo</strong></span> <span class='ocrx_word' id='word_1_705' title='bbox 782 5488 925 5529; x_wconf 88' lang='lat' dir='ltr'><strong>anno</strong></span> <span class='ocrx_word' id='word_1_706' title='bbox 973 5472 1173 5527; x_wconf 78' lang='lat' dir='ltr'><strong>l’asclta</strong></span> <span class='ocrx_word' id='word_1_707' title='bbox 1226 5471 1275 5525; x_wconf 89' lang='lat' dir='ltr'><strong>in</strong></span> <span class='ocrx_word' id='word_1_708' title='bbox 1321 5470 1461 5524; x_wconf 85' lang='lat' dir='ltr'><strong>diem</strong></span> <span class='ocrx_word' id='word_1_709' title='bbox 1500 5468 1569 5524; x_wconf 72' lang='lat'><strong>29</strong></span> <span class='ocrx_word' id='word_1_710' title='bbox 1632 5469 1829 5523; x_wconf 81' lang='lat' dir='ltr'><strong>Martii.</strong></span> <span class='ocrx_word' id='word_1_711' title='bbox 1883 5466 2076 5523; x_wconf 85' lang='lat' dir='ltr'><strong>Adulto</strong></span> 
     </span>
    </p>
   </div>
   <div class='ocr_carea' id='block_1_102' title="bbox 504 5560 2074 5640">
    <p class='ocr_par' dir='ltr' id='par_1_102' title="bbox 504 5560 2074 5640">
     <span class='ocr_line' id='line_1_102' title="bbox 504 5560 2074 5640; baseline -0.007 -17"><span class='ocrx_word' id='word_1_712' title='bbox 504 5567 801 5640; x_wconf 74' lang='lat' dir='ltr'><strong>igiturjam</strong></span> <span class='ocrx_word' id='word_1_713' title='bbox 856 5566 1040 5635; x_wconf 84' lang='lat' dir='ltr'><strong>Aprile</strong></span> <span class='ocrx_word' id='word_1_714' title='bbox 1092 5573 1424 5633; x_wconf 87' lang='lat' dir='ltr'><strong>resumptum</strong></span> <span class='ocrx_word' id='word_1_715' title='bbox 1486 5562 1739 5616; x_wconf 61' lang='lat' dir='ltr'><strong>Ecclesiae</strong></span> <span class='ocrx_word' id='word_1_716' title='bbox 1799 5560 2074 5630; x_wconf 89' lang='lat' dir='ltr'><strong>negotium</strong></span> 
     </span>
    </p>
   </div>
   <div class='ocr_carea' id='block_1_103' title="bbox 506 5653 2076 5724">
    <p class='ocr_par' dir='ltr' id='par_1_103' title="bbox 506 5653 2076 5724">
     <span class='ocr_line' id='line_1_103' title="bbox 506 5653 2076 5724; baseline -0.006 -9"><span class='ocrx_word' id='word_1_717' title='bbox 506 5673 619 5724; x_wconf 83' lang='lat' dir='ltr'><strong>est;</strong></span> <span class='ocrx_word' id='word_1_718' title='bbox 652 5672 707 5715; x_wconf 89' lang='lat' dir='ltr'><strong>et</strong></span> <span class='ocrx_word' id='word_1_719' title='bbox 738 5660 906 5724; x_wconf 69' lang='lat' dir='ltr'><strong>longua</strong></span> <span class='ocrx_word' id='word_1_720' title='bbox 940 5659 1042 5710; x_wconf 71' lang='lat' dir='ltr'><strong>ille</strong></span> <span class='ocrx_word' id='word_1_721' title='bbox 1076 5674 1121 5711; x_wconf 87' lang='lat' dir='ltr'><strong>c.</strong></span> <span class='ocrx_word' id='word_1_722' title='bbox 1170 5657 1202 5711; x_wconf 85' lang='lat'><strong><em>6</em></strong></span> <span class='ocrx_word' id='word_1_723' title='bbox 1234 5656 1485 5711; x_wconf 67' lang='lat' dir='ltr'><strong>indicata!</strong></span> <span class='ocrx_word' id='word_1_724' title='bbox 1525 5653 1734 5709; x_wconf 88' lang='lat' dir='ltr'><strong>institui</strong></span> <span class='ocrx_word' id='word_1_725' title='bbox 1760 5653 1828 5707; x_wconf 88' lang='lat' dir='ltr'><strong>ab</strong></span> <span class='ocrx_word' id='word_1_726' title='bbox 1866 5654 2076 5719; x_wconf 79' lang='lat' dir='ltr'><strong>episco-</strong></span> 
     </span>
    </p>
   </div>
   <div class='ocr_carea' id='block_1_104' title="bbox 506 5745 2070 5823">
    <p class='ocr_par' dir='ltr' id='par_1_104' title="bbox 506 5745 2070 5823">
     <span class='ocr_line' id='line_1_104' title="bbox 506 5745 2070 5823; baseline -0.006 -15"><span class='ocrx_word' id='word_1_727' title='bbox 506 5752 591 5823; x_wconf 80' lang='lat' dir='ltr'><strong>pis</strong></span> <span class='ocrx_word' id='word_1_728' title='bbox 620 5750 1031 5808; x_wconf 82' lang='lat' dir='ltr'><strong>deliberationes</strong></span> <span class='ocrx_word' id='word_1_729' title='bbox 1059 5762 1247 5820; x_wconf 69' lang='lat' dir='ltr'><strong>emptas.</strong></span> <span class='ocrx_word' id='word_1_730' title='bbox 1288 5750 1429 5806; x_wconf 87' lang='lat' dir='ltr'><strong>circa</strong></span> <span class='ocrx_word' id='word_1_731' title='bbox 1459 5745 2070 5803; x_wconf 84' lang='lat' dir='ltr'><strong>excommunicatiouem</strong></span> 
     </span>
    </p>
   </div>
   <div class='ocr_carea' id='block_1_105' title="bbox 2178 4536 3749 4610">
    <p class='ocr_par' dir='ltr' id='par_1_105' title="bbox 2178 4536 3749 4610">
     <span class='ocr_line' id='line_1_105' title="bbox 2178 4536 3749 4610; baseline 0.004 -20"><span class='ocrx_word' id='word_1_732' title='bbox 2178 4536 2461 4591; x_wconf 72' lang='lat' dir='ltr'><strong>trementer</strong></span> <span class='ocrx_word' id='word_1_733' title='bbox 2509 4537 2875 4593; x_wconf 83' lang='lat' dir='ltr'><strong>Andronicum</strong></span> <span class='ocrx_word' id='word_1_734' title='bbox 2905 4537 3077 4596; x_wconf 84' lang='lat' dir='ltr'><strong>fuisse</strong></span> <span class='ocrx_word' id='word_1_735' title='bbox 3114 4552 3330 4610; x_wconf 88' lang='lat' dir='ltr'><strong>propter</strong></span> <span class='ocrx_word' id='word_1_736' title='bbox 3387 4553 3749 4600; x_wconf 82' lang='lat' dir='ltr'><strong>memoratum</strong></span> 
     </span>
    </p>
   </div>
   <div class='ocr_carea' id='block_1_106' title="bbox 2181 4616 3749 4693">
    <p class='ocr_par' dir='ltr' id='par_1_106' title="bbox 2181 4616 3749 4693">
     <span class='ocr_line' id='line_1_106' title="bbox 2181 4616 3749 4693; baseline 0.004 -10"><span class='ocrx_word' id='word_1_737' title='bbox 2181 4630 2289 4685; x_wconf 84' lang='lat' dir='ltr'><strong>illic</strong></span> <span class='ocrx_word' id='word_1_738' title='bbox 2324 4631 2613 4686; x_wconf 76' lang='lat' dir='ltr'><strong>anathema</strong></span> <span class='ocrx_word' id='word_1_739' title='bbox 2640 4630 2706 4684; x_wconf 86' lang='lat' dir='ltr'><strong>ab</strong></span> <span class='ocrx_word' id='word_1_740' title='bbox 2728 4616 3029 4689; x_wconf 77' lang='lat' dir='ltr'><strong>Athanasio</strong></span> <span class='ocrx_word' id='word_1_741' title='bbox 3073 4635 3331 4691; x_wconf 88' lang='lat' dir='ltr'><strong>intortum</strong></span> <span class='ocrx_word' id='word_1_742' title='bbox 3362 4638 3415 4691; x_wconf 88' lang='lat' dir='ltr'><strong>in</strong></span> <span class='ocrx_word' id='word_1_743' title='bbox 3449 4641 3749 4693; x_wconf 74' lang='lat' dir='ltr'><strong>adversario</strong></span> 
     </span>
    </p>
   </div>
   <div class='ocr_carea' id='block_1_107' title="bbox 2180 4720 3749 4793">
    <p class='ocr_par' dir='ltr' id='par_1_107' title="bbox 2180 4720 3749 4793">
     <span class='ocr_line' id='line_1_107' title="bbox 2180 4720 3749 4793; baseline 0.005 -16"><span class='ocrx_word' id='word_1_744' title='bbox 2180 4734 2261 4778; x_wconf 88' lang='lat' dir='ltr'><strong>tes</strong></span> <span class='ocrx_word' id='word_1_745' title='bbox 2298 4724 2419 4777; x_wconf 88' lang='lat' dir='ltr'><strong>sibi.</strong></span> <span class='ocrx_word' id='word_1_746' title='bbox 2462 4725 2648 4791; x_wconf 80' lang='lat' dir='ltr'><strong>Itaque</strong></span> <span class='ocrx_word' id='word_1_747' title='bbox 2707 4724 2970 4793; x_wconf 60' lang='lat' dir='ltr'><strong>allegisse</strong></span> <span class='ocrx_word' id='word_1_748' title='bbox 3003 4738 3179 4783; x_wconf 89' lang='lat' dir='ltr'><strong>certos</strong></span> <span class='ocrx_word' id='word_1_749' title='bbox 3208 4720 3457 4783; x_wconf 85' lang='lat' dir='ltr'><strong>homines</strong></span> <span class='ocrx_word' id='word_1_750' title='bbox 3493 4731 3556 4785; x_wconf 89' lang='lat' dir='ltr'><strong>ad</strong></span> <span class='ocrx_word' id='word_1_751' title='bbox 3578 4732 3749 4785; x_wconf 75' lang='lat' dir='ltr'><strong>Atha-</strong></span> 
     </span>
    </p>
   </div>
   <div class='ocr_carea' id='block_1_108' title="bbox 2179 4811 3747 4888">
    <p class='ocr_par' dir='ltr' id='par_1_108' title="bbox 2179 4811 3747 4888">
     <span class='ocr_line' id='line_1_108' title="bbox 2179 4811 3747 4888; baseline 0.008 -25"><span class='ocrx_word' id='word_1_752' title='bbox 2179 4812 2392 4864; x_wconf 86' lang='lat' dir='ltr'><strong>nasium</strong></span> <span class='ocrx_word' id='word_1_753' title='bbox 2426 4811 2680 4883; x_wconf 84' lang='lat' dir='ltr'><strong>privatim</strong></span> <span class='ocrx_word' id='word_1_754' title='bbox 2716 4814 2769 4867; x_wconf 89' lang='lat' dir='ltr'><strong>in</strong></span> <span class='ocrx_word' id='word_1_755' title='bbox 2801 4816 3134 4870; x_wconf 86' lang='lat' dir='ltr'><strong>monasterio</strong></span> <span class='ocrx_word' id='word_1_756' title='bbox 3168 4819 3475 4888; x_wconf 86' lang='lat' dir='ltr'><strong>degentem,</strong></span> <span class='ocrx_word' id='word_1_757' title='bbox 3532 4822 3623 4886; x_wconf 89' lang='lat' dir='ltr'><strong>qui</strong></span> <span class='ocrx_word' id='word_1_758' title='bbox 3684 4836 3747 4875; x_wconf 88' lang='lat' dir='ltr'><strong>ex</strong></span> 
     </span>
    </p>
   </div>
   <div class='ocr_carea' id='block_1_109' title="bbox 2179 4905 3747 4979">
    <p class='ocr_par' dir='ltr' id='par_1_109' title="bbox 2179 4905 3747 4979">
     <span class='ocr_line' id='line_1_109' title="bbox 2179 4905 3747 4979; baseline 0.005 -22"><span class='ocrx_word' id='word_1_759' title='bbox 2179 4918 2244 4957; x_wconf 89' lang='lat' dir='ltr'><strong>eo</strong></span> <span class='ocrx_word' id='word_1_760' title='bbox 2271 4905 2536 4957; x_wconf 87' lang='lat' dir='ltr'><strong>rescirent</strong></span> <span class='ocrx_word' id='word_1_761' title='bbox 2562 4920 2630 4957; x_wconf 90' lang='lat' dir='ltr'><strong>an</strong></span> <span class='ocrx_word' id='word_1_762' title='bbox 2663 4914 2717 4959; x_wconf 89' lang='lat' dir='ltr'><strong>et</strong></span> <span class='ocrx_word' id='word_1_763' title='bbox 2766 4921 2874 4974; x_wconf 86' lang='lat' dir='ltr'><strong>quo</strong></span> <span class='ocrx_word' id='word_1_764' title='bbox 2899 4908 3081 4963; x_wconf 87' lang='lat' dir='ltr'><strong>animo</strong></span> <span class='ocrx_word' id='word_1_765' title='bbox 3109 4908 3210 4963; x_wconf 88' lang='lat' dir='ltr'><strong>ista</strong></span> <span class='ocrx_word' id='word_1_766' title='bbox 3270 4911 3602 4979; x_wconf 87' lang='lat' dir='ltr'><strong>scripsisset.</strong></span> <span class='ocrx_word' id='word_1_767' title='bbox 3654 4911 3747 4966; x_wconf 65' lang='lat' dir='ltr'><strong>liis</strong></span> 
     </span>
    </p>
   </div>
   <div class='ocr_carea' id='block_1_110' title="bbox 2178 4998 3743 5071">
    <p class='ocr_par' dir='ltr' id='par_1_110' title="bbox 2178 4998 3743 5071">
     <span class='ocr_line' id='line_1_110' title="bbox 2178 4998 3743 5071; baseline 0.006 -19"><span class='ocrx_word' id='word_1_768' title='bbox 2178 5015 2297 5052; x_wconf 90' lang='lat' dir='ltr'><strong>cum</strong></span> <span class='ocrx_word' id='word_1_769' title='bbox 2326 4998 2617 5052; x_wconf 80' lang='lat' dir='ltr'><strong>tradidisse</strong></span> <span class='ocrx_word' id='word_1_770' title='bbox 2660 4999 2947 5069; x_wconf 83' lang='lat' dir='ltr'><strong>scriptum,</strong></span> <span class='ocrx_word' id='word_1_771' title='bbox 3001 5016 3105 5069; x_wconf 81' lang='lat' dir='ltr'><strong>quo</strong></span> <span class='ocrx_word' id='word_1_772' title='bbox 3156 5003 3534 5071; x_wconf 88' lang='lat' dir='ltr'><strong>imperatorem</strong></span> <span class='ocrx_word' id='word_1_773' title='bbox 3596 5006 3743 5062; x_wconf 88' lang='lat' dir='ltr'><strong>omni</strong></span> 
     </span>
    </p>
   </div>
   <div class='ocr_carea' id='block_1_111' title="bbox 2178 5094 3748 5163">
    <p class='ocr_par' dir='ltr' id='par_1_111' title="bbox 2178 5094 3748 5163">
     <span class='ocr_line' id='line_1_111' title="bbox 2178 5094 3748 5163; baseline 0.005 -16"><span class='ocrx_word' id='word_1_774' title='bbox 2178 5094 2409 5147; x_wconf 76' lang='lat' dir='ltr'><strong>exsolvit</strong></span> <span class='ocrx_word' id='word_1_775' title='bbox 2469 5094 2743 5163; x_wconf 86' lang='lat' dir='ltr'><strong>scrupulo.</strong></span> <span class='ocrx_word' id='word_1_776' title='bbox 2812 5094 3084 5163; x_wconf 86' lang='lat' dir='ltr'><strong>Scriptum</strong></span> <span class='ocrx_word' id='word_1_777' title='bbox 3146 5106 3324 5151; x_wconf 88' lang='lat' dir='ltr'><strong>autem</strong></span> <span class='ocrx_word' id='word_1_778' title='bbox 3375 5098 3517 5152; x_wconf 88' lang='lat' dir='ltr'><strong>istud</strong></span> <span class='ocrx_word' id='word_1_779' title='bbox 3581 5098 3748 5155; x_wconf 68' lang='lat' dir='ltr'><strong>fuisse</strong></span> 
     </span>
    </p>
   </div>
   <div class='ocr_carea' id='block_1_112' title="bbox 2178 5188 3738 5261">
    <p class='ocr_par' dir='ltr' id='par_1_112' title="bbox 2178 5188 3738 5261">
     <span class='ocr_line' id='line_1_112' title="bbox 2178 5188 3738 5261; baseline 0.003 -19"><span class='ocrx_word' id='word_1_780' title='bbox 2178 5188 2557 5257; x_wconf 85' lang='lat' dir='ltr'><strong>consignatum</strong></span> <span class='ocrx_word' id='word_1_781' title='bbox 2619 5201 2743 5243; x_wconf 86' lang='lat' dir='ltr'><strong>nota</strong></span> <span class='ocrx_word' id='word_1_782' title='bbox 2812 5191 3079 5259; x_wconf 86' lang='lat' dir='ltr'><strong>temporis</strong></span> <span class='ocrx_word' id='word_1_783' title='bbox 3141 5190 3247 5257; x_wconf 86' lang='lat' dir='ltr'><strong>ait,</strong></span> <span class='ocrx_word' id='word_1_784' title='bbox 3289 5191 3493 5247; x_wconf 76' lang='lat' dir='ltr'><strong>mensis</strong></span> <span class='ocrx_word' id='word_1_785' title='bbox 3541 5196 3738 5261; x_wconf 70' lang='lat' dir='ltr'><strong>Aprilis</strong></span> 
     </span>
    </p>
   </div>
   <div class='ocr_carea' id='block_1_113' title="bbox 2178 5282 3744 5355">
    <p class='ocr_par' dir='ltr' id='par_1_113' title="bbox 2178 5282 3744 5355">
     <span class='ocr_line' id='line_1_113' title="bbox 2178 5282 3744 5355; baseline 0.003 -20"><span class='ocrx_word' id='word_1_786' title='bbox 2178 5291 2232 5335; x_wconf 89' lang='lat' dir='ltr'><strong>ct</strong></span> <span class='ocrx_word' id='word_1_787' title='bbox 2301 5282 2618 5337; x_wconf 75' lang='lat' dir='ltr'><strong>iudieiionis</strong></span> <span class='ocrx_word' id='word_1_788' title='bbox 2668 5283 2728 5337; x_wconf 79' lang='lat' dir='ltr'><strong>ll</strong></span> <span class='ocrx_word' id='word_1_789' title='bbox 2792 5283 3050 5354; x_wconf 74' lang='lat' dir='ltr'><strong>(p.256).</strong></span> <span class='ocrx_word' id='word_1_790' title='bbox 3112 5282 3279 5355; x_wconf 87' lang='lat' dir='ltr'><strong>Igitur</strong></span> <span class='ocrx_word' id='word_1_791' title='bbox 3342 5284 3394 5339; x_wconf 92' lang='lat' dir='ltr'><strong>id</strong></span> <span class='ocrx_word' id='word_1_792' title='bbox 3459 5286 3744 5355; x_wconf 84' lang='lat' dir='ltr'><strong>contigerit</strong></span> 
     </span>
    </p>
   </div>
   <div class='ocr_carea' id='block_1_114' title="bbox 2180 5373 3739 5447">
    <p class='ocr_par' dir='ltr' id='par_1_114' title="bbox 2180 5373 3739 5447">
     <span class='ocr_line' id='line_1_114' title="bbox 2180 5373 3739 5447; baseline 0.003 -20"><span class='ocrx_word' id='word_1_793' title='bbox 2180 5391 2322 5428; x_wconf 87' lang='lat' dir='ltr'><strong>anno</strong></span> <span class='ocrx_word' id='word_1_794' title='bbox 2354 5373 2558 5429; x_wconf 86' lang='lat' dir='ltr'><strong>Christi</strong></span> <span class='ocrx_word' id='word_1_795' title='bbox 2600 5374 2755 5441; x_wconf 73' lang='lat' dir='ltr'><strong>l298,</strong></span> <span class='ocrx_word' id='word_1_796' title='bbox 2812 5392 2917 5447; x_wconf 88' lang='lat' dir='ltr'><strong>quo</strong></span> <span class='ocrx_word' id='word_1_797' title='bbox 2959 5378 3325 5432; x_wconf 72' lang='lat' dir='ltr'><strong>certissimum</strong></span> <span class='ocrx_word' id='word_1_798' title='bbox 3381 5390 3463 5431; x_wconf 88' lang='lat' dir='ltr'><strong>est</strong></span> <span class='ocrx_word' id='word_1_799' title='bbox 3491 5378 3739 5434; x_wconf 89' lang='lat' dir='ltr'><strong>indictio-</strong></span> 
     </span>
    </p>
   </div>
   <div class='ocr_carea' id='block_1_115' title="bbox 2179 5464 3737 5538">
    <p class='ocr_par' dir='ltr' id='par_1_115' title="bbox 2179 5464 3737 5538">
     <span class='ocr_line' id='line_1_115' title="bbox 2179 5464 3737 5538; baseline 0.001 -19"><span class='ocrx_word' id='word_1_800' title='bbox 2179 5481 2300 5520; x_wconf 88' lang='lat' dir='ltr'><strong>nem</strong></span> <span class='ocrx_word' id='word_1_801' title='bbox 2333 5465 2394 5518; x_wconf 76' lang='lat' dir='ltr'><strong>ll</strong></span> <span class='ocrx_word' id='word_1_802' title='bbox 2434 5464 2602 5520; x_wconf 88' lang='lat' dir='ltr'><strong>fuisse</strong></span> <span class='ocrx_word' id='word_1_803' title='bbox 2622 5477 2961 5521; x_wconf 79' lang='lat' dir='ltr'><strong>numeratam</strong></span> <span class='ocrx_word' id='word_1_804' title='bbox 2996 5467 3206 5523; x_wconf 64' lang='lat' dir='ltr'><strong>Graecis</strong></span> <span class='ocrx_word' id='word_1_805' title='bbox 3232 5483 3260 5521; x_wconf 89' lang='lat' dir='ltr'><strong>a</strong></span> <span class='ocrx_word' id='word_1_806' title='bbox 3293 5468 3737 5538; x_wconf 68' lang='lat' dir='ltr'><strong>Srptembrianni</strong></span> 
     </span>
    </p>
   </div>
   <div class='ocr_carea' id='block_1_116' title="bbox 2178 5559 3738 5627">
    <p class='ocr_par' dir='ltr' id='par_1_116' title="bbox 2178 5559 3738 5627">
     <span class='ocr_line' id='line_1_116' title="bbox 2178 5559 3738 5627; baseline 0.004 -17"><span class='ocrx_word' id='word_1_807' title='bbox 2178 5560 2555 5627; x_wconf 60' lang='lat' dir='ltr'><strong>praecedentis,</strong></span> <span class='ocrx_word' id='word_1_808' title='bbox 2616 5559 2820 5615; x_wconf 82' lang='lat' dir='ltr'><strong>Latinis</strong></span> <span class='ocrx_word' id='word_1_809' title='bbox 2871 5577 2898 5615; x_wconf 88' lang='lat' dir='ltr'><strong>a</strong></span> <span class='ocrx_word' id='word_1_810' title='bbox 2933 5561 3199 5616; x_wconf 76' lang='lat' dir='ltr'><strong>Kalendis</strong></span> <span class='ocrx_word' id='word_1_811' title='bbox 3247 5561 3541 5619; x_wconf 83' lang='lat' dir='ltr'><strong>Januariis.</strong></span> <span class='ocrx_word' id='word_1_812' title='bbox 3612 5562 3738 5617; x_wconf 86' lang='lat' dir='ltr'><strong>illud</strong></span> 
     </span>
    </p>
   </div>
   <div class='ocr_carea' id='block_1_117' title="bbox 2180 5650 3741 5722">
    <p class='ocr_par' dir='ltr' id='par_1_117' title="bbox 2180 5650 3741 5722">
     <span class='ocr_line' id='line_1_117' title="bbox 2180 5650 3741 5722; baseline 0.002 -18"><span class='ocrx_word' id='word_1_813' title='bbox 2180 5650 2271 5705; x_wconf 81' lang='lat' dir='ltr'><strong>hic</strong></span> <span class='ocrx_word' id='word_1_814' title='bbox 2315 5653 2555 5705; x_wconf 89' lang='lat' dir='ltr'><strong>occurrit</strong></span> <span class='ocrx_word' id='word_1_815' title='bbox 2581 5651 3010 5718; x_wconf 86' lang='lat' dir='ltr'><strong>incommodum,</strong></span> <span class='ocrx_word' id='word_1_816' title='bbox 3038 5654 3182 5722; x_wconf 89' lang='lat' dir='ltr'><strong>quod</strong></span> <span class='ocrx_word' id='word_1_817' title='bbox 3218 5653 3412 5709; x_wconf 74' lang='lat' dir='ltr'><strong>littera:</strong></span> <span class='ocrx_word' id='word_1_818' title='bbox 3444 5656 3560 5710; x_wconf 62' lang='lat' dir='ltr'><strong>ista</strong></span> <span class='ocrx_word' id='word_1_819' title='bbox 3578 5654 3741 5711; x_wconf 75' lang='lat' dir='ltr'><strong>Atha—</strong></span> 
     </span>
    </p>
   </div>
   <div class='ocr_carea' id='block_1_118' title="bbox 2181 5744 3738 5817">
    <p class='ocr_par' dir='ltr' id='par_1_118' title="bbox 2181 5744 3738 5817">
     <span class='ocr_line' id='line_1_118' title="bbox 2181 5744 3738 5817; baseline -0.001 -18"><span class='ocrx_word' id='word_1_820' title='bbox 2181 5746 2320 5803; x_wconf 84' lang='lat' dir='ltr'><strong>nasii</strong></span> <span class='ocrx_word' id='word_1_821' title='bbox 2370 5744 2758 5801; x_wconf 77' lang='lat' dir='ltr'><strong>declaratrices</strong></span> <span class='ocrx_word' id='word_1_822' title='bbox 2840 5748 3038 5805; x_wconf 83' lang='lat' dir='ltr'><strong>mentis</strong></span> <span class='ocrx_word' id='word_1_823' title='bbox 3116 5748 3233 5817; x_wconf 87' lang='lat' dir='ltr'><strong>ejus</strong></span> <span class='ocrx_word' id='word_1_824' title='bbox 3299 5764 3487 5804; x_wconf 83' lang='lat' dir='ltr'><strong>mense</strong></span> <span class='ocrx_word' id='word_1_825' title='bbox 3535 5751 3738 5805; x_wconf 81' lang='lat' dir='ltr'><strong>demum</strong></span> 
     </span>
    </p>
   </div>
  </div>
