4012 6236
516 279 625 346 855
1409 289 1473 354 Ρ.
1520 291 1824 355 possm
1864 290 2525 356 OBSERVATIONUM
2560 295 2704 358 Lm.
2747 293 2868 356 III.
3658 276 3771 344 856

507 403 714 459 diserte
772 404 1041 476 siquidem
1101 415 1389 466 attestatur
1436 409 1803 483 Pachymeres
1851 428 1907 485 p.
1958 411 2091 476 395,
2119 417 2162 473 Α
2196 423 2358 482 strat,
2395 415 2522 470 dum
2546 413 2803 468 continue
2829 407 3137 481 subiungit,
3167 400 3539 460 Andronicum
3564 399 3782 469 experi-

502 497 749 552 iusccuto
793 513 915 553 mox
966 498 1299 572 Septembri,
1343 513 1467 574 post
1497 518 1737 560 mensem
1787 506 2086 575 Angustum
2195 509 2392 563 mentis
2427 507 2772 564 evidentibus
2842 517 3183 574 persuasum,
3246 499 3392 554 vinci
3445 512 3556 551 non
3621 506 3781 564 posse

504 590 663 656 cujus
719 591 807 645 die
855 601 1049 648 octavo
1112 603 1271 652 terra:
1323 605 1502 652 motus
1549 597 1752 667 incepit
1806 613 1917 670 quo
1964 601 2095 655 sub-
2193 599 2368 659 Μαι-ιθ
2399 612 2587 671 aperto
2613 615 2837 658 suorum
2869 597 3039 652 armis
3068 593 3376 657 Catelanos,
3413 589 3559 645 alias
3586 597 3780 642 eorum

503 692 663 738 versa
702 693 785 739 est
816 684 1064 754 Rhodus,
1090 688 1363 757 appulisse
1387 689 1744 747 Rontaerium
1770 690 2090 747 Constanti-
2119 747 2127 752 ,
2191 680 2645 748 debilitandorum
2686 701 2781 746 aut
2821 688 3232 745 alliciendorum
3281 687 3346 740 ad
3381 681 3783 738 conventiones

503 777 741 846 nopolim
788 795 907 834 cum
946 787 1119 837 c'asse
1151 784 1428 848 auxiliari,
1484 783 1783 840 indictione
1830 785 2088 840 secunda.

503 867 677 921 Verba
710 869 827 939 ejus
851 882 976 926 sunt
1015 887 1030 926 :
1073 873 1227 927 Κατὰ
1257 875 1350 927 τὸν
1385 875 1482 929 ἐπὶ
1526 873 1706 947 τούτῳ
1735 872 2071 946 Γαμηλιῶνα

501 961 768 1029 δευτέρας
821 965 1209 1037 ὲπινεμήσεως
1243 964 1388 1022 εἶδεν
1444 970 1476 1040 ἡ
1531 969 1954 1023 Κωνσταντῐνου
1994 969 2091 1023 καὶ

501 1053 596 1106 τὸν
656 1058 882 1110 Λατῖνον
923 1058 1281 1132 Ῥοντξέριον.
1332 1062 1638 1128 Gamelion,
1702 1064 1804 1118 hoc
1847 1073 1952 1129 cst,
1987 1079 2090 1119 usu

504 1161 768 1217 perpetuo
815 1149 1203 1222 Pachymeris,
1237 1154 1583 1224 September,
1642 1155 1954 1211 indictiouis
2007 1171 2096 1213 se-

504 1240 715 1303 cundae.
749 1252 832 1296 est
878 1243 997 1299 sine
1050 1246 1158 1300 ullo
1190 1246 1354 1302 dubio
1388 1247 1712 1315 September
1739 1264 1768 1303 a
1801 1264 1909 1319 quo
1945 1249 2095 1304 ince-

507 1331 584 1398 pit
618 1348 766 1389 more
817 1333 1132 1392 Graecorum
1193 1342 1469 1395 numerari
1545 1339 1770 1396 indictio
1830 1344 2088 1397 secunda.

507 1426 843 1485 indictioucs
893 1444 1094 1498 autem,
1155 1448 1293 1503 quas
1326 1435 1508 1490 Latini
1544 1452 1571 1490 a
1602 1436 1865 1493 Kalendis
1890 1436 2096 1493 Janua-

507 1520 608 1574 riis
639 1535 927 1579 numerare
978 1525 1292 1596 incipimus,
1342 1529 1519 1584 Graeci
1570 1545 1784 1601 semper
1829 1545 1860 1585 a
1895 1538 2093 1602 quarto

506 1619 655 1666 retro
688 1630 873 1672 mense
905 1616 1190 1684 iuchoant,
1220 1622 1362 1676 unde
1397 1632 1447 1676 et
1490 1622 1706 1677 initium
1742 1625 1948 1678 ducunt
1995 1639 2096 1678 an-

508 1717 697 1757 norum
728 1722 849 1761 uerte
881 1724 992 1764 sua:
1043 1727 1072 1764 a
1113 1713 1296 1766 mundi
1328 1715 1596 1786 principio
1633 1715 1790 1786 juxta
1852 1715 2090 1772 calculos

2191 787 2341 853 pacis
2386 785 2630 841 rationes
2676 785 2890 839 iniisse.
2943 781 3139 837 Clades
3180 779 3366 850 igitur,
3406 787 3644 846 quarum
3684 769 3787 822 Pa-

2189 878 2478 949 chymeres
2509 878 2596 933 hic
2618 878 2867 933 meminit
2893 874 3160 930 Romanis
3184 870 3450 927 militibus
3468 866 3780 925 exercitus,

2193 970 2281 1025 cui
2341 970 2571 1027 Michael
2603 969 2798 1026 Iunior
2849 970 3129 1038 Augustus
3185 968 3240 1021 in
3291 964 3535 1023 Occiduo
3600 969 3782 1014 tractu

2191 1074 2443 1133 praeerat,
2487 1079 2518 1118 a
2553 1063 2831 1120 Catelauis
2889 1063 3188 1126 illatarum,
3247 1074 3352 1111 non
3385 1056 3508 1110 alize
3573 1052 3788 1108 fuerint

2191 1173 2356 1227 qutam
2418 1173 2554 1229 quas
2600 1158 2741 1212 idem
2777 1156 2960 1212 retulit
3009 1155 3047 1209 l.
3075 1171 3146 1218 vr,
3185 1167 3236 1208 c.
3263 1150 3355 1214 '50,
3388 1159 3439 1205 et
3480 1147 3612 1203 libri
3636 1147 3787 1213 ejus-

2193 1249 2312 1304 dem
2372 1266 2425 1308 c.
2481 1250 2570 1314 52,
2610 1264 2843 1319 quorum
2904 1248 2956 1303 in
2993 1246 3155 1317 priori
3209 1250 3394 1300 narrat
3420 1251 3783 1313 progressum

2191 1352 2383 1398 contra
2415 1343 2707 1398 Catelanos
2762 1341 3044 1411 aliquanto
3095 1347 3218 1405 post
3259 1345 3454 1391 necem
3489 1329 3785 1385 Rontzerii

2191 1435 2445 1501 Caesaris,
2509 1435 2858 1503 Adrianopoli
2909 1432 3263 1504 Pamphylum
3311 1444 3499 1500 usque,
3535 1426 3790 1481 Mirhae-

2196 1529 2302 1583 lem
2335 1526 2980 1600 Augustnmduniorem,
3011 1541 3133 1581 cum
3181 1533 3296 1580 toto
3327 1523 3578 1578 Romano
3623 1533 3788 1574 exer-

2193 1621 2330 1685 citu,
2355 1631 2563 1691 partem
2598 1621 2759 1691 hujus
2799 1620 2900 1676 sub
2937 1621 3114 1676 tribus
3144 1619 3395 1682 duetbus,
3426 1615 3602 1679 Duca,
3648 1614 3789 1668 Um-

2193 1713 2482 1784 pertopulo
2511 1724 2567 1768 et
2627 1713 2860 1781 Bossila,
2915 1722 3104 1768 contra
3157 1709 3494 1777 Calliopolim
3531 1697 3787 1768 misisse.

508 1796 773 1863 ipsorum.
813 1798 967 1857 Unde
996 1818 1115 1858 cum
1147 1777 1445 1863 viderimus
1475 1777 1753 1881 superius,
1797 1828 1852 1866 n.
1884 1811 1939 1877 3,
1965 1810 2086 1866 Fri-
2116 1777 2164 1838 Β
2193 1777 2283 1862 ubi
2316 1777 2560 1862 Gatelani
2607 1814 2662 1861 et
2708 1777 3044 1876 Amo-gabari
3069 1819 3200 1860 suas
3231 1803 3418 1874 copias
3449 1799 3738 1856 habebant
3769 1814 3785 1853 :

507 1889 751 1944 dericum
806 1890 1022 1950 litteras
1048 1896 1320 1966 publicas,
1349 1901 1549 1971 quibus
1579 1917 1771 1971 pacem
1813 1918 1841 1956 a
1876 1917 1935 1958 se
1964 1918 2084 1958 cmn

507 1980 704 2038 Carolo
767 2000 890 2057 rege
939 1986 1193 2056 Neapolis
1250 1993 1439 2048 initam
1468 1994 1852 2065 promulgavit,
1910 1995 2094 2050 consi-

507 2089 705 2142 gnusse
752 2093 895 2134 anno
927 2078 1130 2137 Christi
1180 2085 1341 2148 1⁸502,
1400 2087 1485 2142 die
1540 2087 1606 2144 l9
1657 2088 1913 2157 Augusti,
1945 2090 2090 2146 iudi-

507 2163 691 2220 ctioue
735 2168 826 2233 15,
867 2169 1173 2243 intelligere
1198 2175 1456 2232 debemus
1487 2177 1654 2235 fuisse
1703 2178 1849 2234 illum
1885 2197 2086 2237 annum

506 2257 758 2317 ultimum
786 2263 1256 2335 cycliindictlonis
1286 2269 1704 2341 complectentis
1734 2288 1905 2330 annos
1931 2275 2090 2345 quin-

508 2350 706 2420 decim,
742 2355 814 2410 ita
844 2357 1233 2428 utSeptembri
1265 2369 1384 2431 post
1433 2362 1584 2417 illum
1611 2365 1916 2435 Augustum
1964 2381 2086 2423 mox

508 2457 699 2502 secuto
734 2444 904 2504 Graeci
937 2466 1227 2509 numerare
1261 2455 1489 2524 primam
1529 2457 1882 2514 intlictionem
1909 2474 2091 2530 cmpe-

509 2540 644 2605 rint,
692 2538 870 2596 Latini
918 2558 1047 2599 vero
1098 2544 1153 2600 id
1205 2544 1387 2605 facere
1433 2547 1742 2604 distulerint
1804 2566 1979 2620 usque
2021 2553 2090 2608 ad

509 2633 747 2703 primum
784 2634 924 2690 diem
958 2636 1202 2694 Januarii
1239 2643 1541 2709 sequentis,
1585 2635 1694 2715 quo
1739 2641 1942 2700 Christi
1995 2660 2090 2702 an-

510 2741 615 2782 nus
642 2727 787 2784 1505
815 2730 1024 2785 calculo
1073 2731 1310 2802 ipsorum
1344 2743 1428 2788 est
1468 2734 1660 2790 initus.
1687 2734 1897 2792 Rursus
1929 2737 2092 2810 hujus

512 2818 639 2871 anui
665 2815 870 2875 Christi
898 2818 1036 2888 5-303
1058 2834 1245 2875 mense
1269 2820 1574 2889 Septembri
1593 2820 1764 2877 Graeci
1790 2823 2090 2881 secundam

513 2904 865 2982 indictionem
893 2913 1421 2977 numerarunt,dum
1445 2911 1653 2969 Latinis
1673 2913 1896 2972 indictio
1915 2916 2091 2971 adhuc

512 3002 689 3076 prima
724 3018 818 3072 per
847 3003 1079 3073 spatium
1105 3019 1206 3076 qua
1218 3004 1502 3062 drimestre
1527 3017 1795 3064 curreret.
1819 3007 1929 3062 Nec
1954 3007 2092 3064 alius

2190 1900 2285 1956 sed
2319 1900 2375 1954 hi
2419 1899 2629 1969 objecta
2666 1899 2929 1954 Romanis
2959 1909 3333 1955 armentorum
3392 1897 3600 1967 praeda,
3661 1905 3783 1951 cum

2191 1997 2274 2052 sic
2301 2010 2489 2050 eorum
2541 1995 2766 2051 ordines
2815 1985 3139 2056 solvissent,
3175 1993 3422 2047 immisso
3458 1991 3514 2044 in
3569 1989 3789 2043 discur-

2189 2098 2373 2145 santes
2404 2086 2711 2142 inordinate
2758 2087 3001 2155 equitatu
3056 2084 3318 2140 fuderunt
3349 2098 3443 2139 eos
3486 2079 3790 2151 fugarunt;-

2192 2197 2318 2249 que,
2353 2181 2608 2235 ducentis
2657 2178 2987 2245 interfectis,
3023 2178 3320 2233 vulneratis
3356 2175 3486 2246 ipsis
3521 2171 3784 2229 ducibus.

2192 2270 2489 2325 Posteriori
2545 2281 2726 2324 autem
2789 2270 2927 2336 loco,
2965 2283 3160 2337 nempe
3211 2267 3247 2322 l.
3279 2283 3356 2332 vr,
3409 2280 3462 2322 c.
3502 2264 3602 2330 52,
3639 2262 3782 2316 idem

2188 2361 2483 2418 hiatoricus
2517 2361 2635 2415 fuse
2667 2362 2927 2416 describit
2975 2360 3332 2417 commissum
3392 2365 3585 2429 postea
3620 2370 3654 2408 ει
3684 2341 3788 2408 Mi-

2189 2454 2382 2510 cbacle
2418 2456 2685 2526 Augusto,
2711 2454 2934 2525 digestis
2963 2453 3020 2508 in
3053 2453 3229 2510 aciem
3259 2451 3538 2507 universis
3582 2449 3788 2503 Roma-

2192 2548 2278 2603 nis
2302 2547 2504 2618 copiis,
2527 2550 2789 2603 adversus
2818 2547 3107 2603 Catelanos
3132 2546 3404 2616 praelium,
3430 2559 3497 2600 eo
3516 2554 3784 2598 successu

2193 2649 2250 2695 ut
2293 2640 2572 2696 Romanus
2619 2641 2839 2711 quidem
2877 2639 3152 2695 exercitus
3201 2628 3445 2709 fugatus,
3493 2637 3617 2707 ipse
3656 2646 3784 2688 vero

2193 2731 2420 2789 Michael
2449 2731 2667 2789 fortiter
2692 2748 2945 2806 pugnans
2973 2733 3313 2800 periclitatus
3336 2731 3405 2786 de
3449 2731 3565 2784 vita
3597 2724 3782 2792 fuerit,

2190 2836 2247 2882 et
2279 2826 2372 2881 vix
2403 2826 2637 2897 denique
2671 2826 2794 2897 iuga
2828 2827 2946 2897 ipse
2977 2841 3195 2899 quoque
3219 2835 3471 2882 servatus
3499 2820 3782 2891 Pamphy-

2191 2919 2302 2974 lum
2339 2920 2571 2990 primum
2626 2934 2685 2974 se
2712 2920 3025 2989 receperit,
3071 2919 3234 2990 paulo
3285 2933 3415 2972 vero
3453 2925 3604 2986 post,
3628 2899 3781 2984 juxta

2192 3029 2254 3068 ea
2287 3027 2410 3084 quas
2440 3011 2638 3068 deinde
2668 3028 2722 3072 c.
2751 3014 2804 3077 l.
2831 3012 2871 3068 1.
2903 3028 3001 3078 vn,
3054 3021 3238 3067 noster
3267 3009 3410 3066 idem
3451 3018 3657 3081 auctor
3678 3017 3786 3060 tra-

515 3096 583 3167 ab
611 3096 714 3150 huc
745 3096 1067 3166 September
1113 3097 1412 3155 indictione
1444 3103 1677 3155 secunda
1714 3097 1922 3156 Graecis
1953 3100 2087 3156 insi-
2116 3128 2160 3186 ο
2191 3105 2292 3170 dit,
2324 3105 2758 3177 Didymotichum
2804 3120 2863 3160 se
2898 3104 3263 3166 transtulerit,
3300 3101 3391 3158 ubi
3436 3101 3780 3155 exanimatas

517 3188 640 3257 guis
669 3189 899 3257 reperiri
933 3191 1034 3244 hoc
1067 3199 1242 3246 tractu
1277 3203 1580 3261 temporum
1610 3202 1804 3263 potest,
1838 3195 1941 3249 nisi
1969 3195 2090 3264 quis

517 3283 830 3336 retrocedat
860 3282 1018 3339 annis
1045 3285 1352 3354 quindecim
1379 3287 1443 3339 ad
1473 3301 1673 3340 annum
1704 3286 1906 3342 Christi
1933 3286 2089 3352 l288,

518 3382 612 3426 aut
638 3371 728 3444 [Ρ.
763 3372 903 3447 579].
941 3376 1322 3446 progrediatur
1351 3377 1464 3445 pari
1497 3377 1670 3446 spatio
1700 3376 2089 3448 consequentis

522 3466 783 3535 temporis
817 3467 989 3539 us'que
1053 3471 1118 3523 ad
1152 3485 1352 3524 annum
1404 3486 1525 3524 trra:
1556 3469 1882 3525 Christianae
1930 3468 2091 3536 1318,

519 3575 750 3629 quarunt
796 3562 924 3617 item
980 3578 1246 3619 annorum
1312 3562 1734 3634 7991iuorttm
1770 3577 1953 3616 mense
1996 3561 2096 3617 Sc-

521 3654 754 3723 ptetnbri
787 3659 929 3727 apud
967 3655 1181 3713 Graecos
1215 3657 1446 3729 δευτέρα
1498 3657 1831 3727 ἐπινέμησις
1855 3659 2091 3710 secunda

521 3748 742 3803 indictio
771 3751 1045 3805 numerari
1072 3760 1245 3820 cccpta
1280 3760 1389 3806 est.
1426 3749 1604 3815 Quam
1635 3764 1762 3804 vero
1806 3759 1893 3803 est
1920 3745 2095 3801 mani-

521 3842 726 3897 festum
761 3843 824 3894 ad
862 3851 1112 3922 neutrum
1146 3842 1361 3897 illorum
1403 3856 1673 3895 annorum
1693 3841 1972 3911 pertinere
2003 3855 2097 3908 po-

525 3939 698 3994 tuisse
729 3936 1015 4008 appulsum
1049 3935 1427 3991 Bontzeriante
1481 3934 1673 3990 classis
1715 3933 2097 3990 Constantino-

520 4029 708 4100 polim,
735 4039 840 4083 tam
865 4041 1073 4085 certum
1101 4027 1286 4082 haberi
1315 4029 1475 4083 debet
1501 4027 1645 4082 illum
1671 4041 1792 4082 esse
1815 4026 2096 4097 assignan-

523 4124 653 4177 dum
688 4125 854 4178 mensi
892 4123 1197 4192 St-ptembri
1233 4122 1361 4176 anni
1394 4121 1595 4175 (lbristi
1630 4120 1784 4175 l305.

596 4215 661 4270 V.
694 4217 762 4270 At
785 4231 912 4271 ecce
942 4219 1043 4271 hoc
1075 4226 1344 4270 assertum
1379 4221 1488 4267 tam
1521 4213 1718 4267 diserta
1743 4211 2096 4283 Pachymeris

526 4314 887 4369 aliirmatione
927 4311 1279 4366 constitutum
1314 4310 1594 4365 contrario
1643 4308 1886 4378 ejusdem
1947 4312 2101 4366 testi-

529 4409 709 4462 tuonio
763 4406 1049 4462 evertitur.
1085 4402 1287 4458 Scribit
1335 4403 1423 4457 ille
1480 4402 1532 4456 in
1593 4404 1738 4458 hunc
1786 4402 2002 4457 modum
2043 4420 2094 4472 p.

2203 3207 2349 3257 metu
2390 3214 2457 3254 ex
2510 3198 2757 3254 cladibus
2808 3198 3048 3267 acceptis
3081 3195 3360 3251 Romanos
3398 3194 3589 3262 copias
3639 3191 3782 3245 intra

2198 3306 2384 3347 muros
2416 3291 2640 3346 munitae
2686 3291 2829 3346 arcis
2868 3291 3151 3348 continere
3179 3289 3495 3359 cogebatur.
3525 3283 3585 3340 Id
3616 3296 3782 3356 porro

2199 3386 2246 3440 si
2283 3385 2515 3454 contigit
2546 3386 2764 3455 quando
2795 3383 3148 3440 evolvebatur
3194 3392 3288 3438 aut
3318 3381 3495 3452 potius
3525 3380 3782 3434 evolutus

2195 3477 2306 3546 iam
2330 3487 2448 3532 erat
2473 3489 2650 3532 annus
2681 3475 2897 3546 imperii
2913 3474 3208 3531 Andronici
3238 3473 3532 3530 vicesimus
3562 3472 3779 3533 tertius,

2202 3569 2477 3626 Michaelis
2505 3569 2875 3633 duodecimus,
2925 3568 3165 3636 oportuit
3212 3567 3336 3621 sine
3363 3564 3528 3619 dubio
3564 3562 3780 3618 coutin-

2200 3678 2328 3733 gere
2358 3677 2502 3718 anno
2539 3660 2745 3717 Christi
2780 3658 2957 3716 4506:
2992 3668 3120 3715 tunc
3152 3658 3318 3730 800
3369 3657 3514 3711 enim
3558 3656 3776 3710 Androc

2203 3759 2376 3820 uicus,
2416 3757 2502 3809 cui
2552 3760 2762 3826 primus
2799 3771 2827 3810 a
2885 3754 3056 3826 patris
3100 3761 3272 3808 morte
3326 3750 3537 3821 imperii
3599 3760 3778 3805 annus

2202 3848 2304 3903 fuit
2352 3847 2511 3910 1285.
2561 3849 2878 3902 vicesimum
2908 3848 3130 3903 tertium
3186 3845 3527 3916 principatus
3574 3855 3775 3898 annum

2203 3941 2509 3998 absolverat
2535 3952 2586 3996 et
2617 3941 2937 3996 vicesimum
2972 3949 3225 4010 quartum
3264 3939 3643 4000 inchoaverat,
3677 3933 3774 3998 Mi-

2202 4033 2356 4089 chael
2382 4049 2538 4097 vero,
2566 4035 2722 4103 cujus
2754 4035 2960 4101 primus
2998 4048 3173 4086 annus
3201 4030 3410 4100 imperii
3440 4044 3576 4103 cum
3607 4026 3774 4099 patris

2206 4124 2491 4180 undecimo
2523 4101 2726 4179 Christi
2756 4121 2894 4179 1295
2922 4123 3221 4183 concurrit.
3269 4101 3612 4194 principatus
3645 4121 3776 4176 duo-

2205 4218 2482 4273 decimum
2511 4234 2709 4273 annum
2761 4221 3057 4285 evolveret,
3107 4216 3374 4272 decimum
3407 4215 3628 4271 tertium
3677 4215 3778 4269 inl-

2207 4323 2379 4368 γρηὶ.

2276 4404 2366 4462 Vl.
2394 4406 2557 4475 Atqui
2581 4420 2704 4461 cum
2736 4405 2841 4461 hoc
2871 4405 3084 4476 quidem
3131 4414 3386 4461 constare
3416 4401 3603 4474 nequit
3633 4397 3772 4473 quod

528 4501 624 4557 56!
657 4515 674 4554 :
707 4498 971 4554 Ambobus
1011 4497 1128 4567 jam
1182 4496 1604 4566 imperatoribus,
1652 4496 1847 4551 seniori
1891 4497 2099 4567 quidem
2133 4500 2175 4555 D
2206 4498 2574 4571 Par-hymeres
2608 4515 2673 4553 ex
2701 4498 2928 4569 publica:
2962 4499 3237 4554 memoria:
3266 4495 3629 4560 conscientia,
3658 4506 3772 4549 tan—

529 4594 741 4648 tminm
794 4603 839 4646 et
897 4592 1220 4655 vicesimum,
1259 4588 1464 4658 jnniori
1516 4596 1694 4642 autem
1727 4589 2098 4644 duodecimum

531 4702 732 4740 annum
758 4683 966 4754 imperii
999 4681 1162 4738 evolvi
1212 4681 1452 4752 contigit,
1490 4682 1724 4750 quando,
1759 4691 1862 4734 etc.
1895 4680 2098 4734 Eventa

531 4781 682 4834 varia
737 4785 1004 4833 memorat
1039 4791 1155 4846 qum
1186 4776 1240 4830 in
1275 4777 1421 4830 illum
1470 4775 1782 4829 inciderunt
1814 4775 2101 4829 articulum

532 4873 815 4941 temporis,
846 4885 952 4939 quo
978 4867 1276 4924 Andronici
1304 4882 1479 4923 annus
1508 4865 1718 4937 imperii
1751 4865 1844 4933 23,
1867 4864 2098 4921 Michaeo

532 4965 602 5018 lis
643 4973 822 5017 autem
872 4962 990 5031 ejus
1027 4960 1119 5015 lilii
1154 4959 1220 5015 l2
1264 4958 1464 5013 evoluti
1507 4971 1685 5025 erant,
1719 4958 1822 5012 hoc
1849 4969 1950 5022 est,
2005 4973 2103 5013 ex-

532 5056 664 5128 pleti
713 5057 1184 5118 numerabantur,
1231 5050 1584 5121 sequentibus
1633 5048 1745 5121 jam
1813 5049 2125 5104 inchoatis-

534 5148 681 5203 luter
706 5146 808 5201 alia
844 5161 970 5202 vero
1000 5145 1155 5200 istius
1188 5143 1401 5213 generis
1443 5151 1635 5199 eventa
1675 5142 1831 5211 paulo
1863 5151 1982 5212 post.
2022 5157 2108 5196 re-

535 5249 724 5294 censet
751 5238 1105 5292 inclusioucm
1141 5233 1419 5291 Michaelis
1450 5235 1674 5304 Augusti
1695 5233 1933 5290 .luuioris
1954 5219 2103 5289 intra

536 5331 599 5388 Di
617 5331 994 5405 ,lymotichum,
1024 5331 1281 5385 munitam
1318 5345 1520 5395 arcem,
1547 5329 1603 5384 in
1627 5344 1729 5399 qua
1767 5342 1827 5383 se
1854 5344 2109 5385 necessa-

538 5426 618 5482 rio
643 5426 978 5493 continebat,
1020 5425 1161 5494 quod
1193 5424 1395 5478 milites
1449 5420 1706 5486 Romani,
1741 5421 1940 5492 quibus
1970 5439 2110 5494 pra:-

537 5529 679 5584 erat,
703 5517 862 5573 fracti
893 5517 1087 5571 animis
1107 5516 1175 5570 ob
1209 5525 1461 5588 acceptas
1485 5514 1692 5578 clades,
1711 5513 1836 5569 inde
1858 5516 2105 5587 progredi

539 5626 592 5669 et
615 5629 674 5669 os
707 5613 955 5669 hostibus
988 5612 1275 5666 obvertere
1335 5623 1440 5664 non
1474 5607 1759 5662 auderent.
1794 5605 1988 5663 Hostes
2019 5608 2108 5662 hic

542 5721 649 5762 non
709 5705 845 5762 alios
912 5703 1214 5774 intelligere
1261 5701 1555 5758 historicus
1602 5714 1765 5771 quam
1818 5698 2108 5755 Catelanos

545 5810 744 5874 potest.
779 5799 844 5855 Et
874 5799 990 5871 ipse
1011 5797 1196 5855 statim
1229 5796 1373 5852 clare
1416 5794 1482 5851 de
1509 5795 1575 5854 iis
1605 5810 1667 5854 se
1700 5793 1849 5867 loqui
1879 5795 2104 5852 demon-

2207 4609 2364 4664 quam
2404 4593 2770 4648 certissimum
2799 4601 2851 4647 et
2886 4607 2915 4646 a
2965 4604 3024 4646 se
3053 4590 3248 4655 visunt,
3294 4600 3602 4654 asseverat,
3629 4587 3774 4641 Ron-

2209 4686 2430 4741 tzerium
2459 4700 2643 4741 mense
2672 4686 2980 4756 Septembri
3007 4683 3254 4740 secunda:
3275 4682 3586 4737 indictiouis
3609 4691 3775 4752 appu-

2206 4776 2335 4833 lisse
2393 4775 2942 4847 Constantinopolim.
3005 4775 3118 4831 Hoc
3165 4788 3316 4830 nunc
3368 4774 3772 4828 demonstratur

2205 4886 2270 4926 ex
2301 4870 2442 4926 serie
2483 4883 2546 4924 ac
2600 4885 2738 4925 nexu
2785 4884 2968 4924 rerum
3023 4866 3431 4934 intervallisque
3467 4872 3767 4932 temporum

2207 4962 2409 5018 diserte
2459 4962 2775 5016 memoratis
2843 4977 2872 5017 a
2923 4961 3278 5032 Pachymere.
3322 4954 3650 5012 Rontaerius
3682 4953 3774 5008 Se—

2206 5056 2436 5125 ptembri
2464 5053 2716 5110 secundae
2748 5054 3078 5121 indictiouis,
3111 5053 3310 5108 hocest
3338 5067 3423 5104 an.
3449 5051 3586 5104 Chr.
3614 5046 3768 5110 I305,

2209 5144 2263 5198 in
2295 5145 2481 5198 urbem
2523 5144 2884 5214 appulsus,ab
2925 5142 3238 5196 Andronico
3272 5139 3554 5207 magniﬁce
3577 5136 3774 5206 excipi-

2210 5247 2323 5302 tur,
2362 5251 2592 5305 magnus
2627 5238 2731 5291 dux
2764 5245 3001 5302 creatur,
3041 5249 3263 5291 uxorem
3292 5233 3443 5289 ducit
3483 5233 3770 5303 imperato-

2211 5331 2286 5388 ris
2317 5341 2549 5400 neptem,
2572 5328 2826 5400 Cyzicum
2867 5331 2917 5382 in
2951 5331 3174 5383 hiberna
3207 5328 3407 5382 missus
3436 5326 3489 5379 in
3529 5325 3767 5392 digressu

2210 5426 2277 5479 ab
2306 5427 2441 5477 urbe
2484 5437 2511 5474 a
2554 5420 2939 5475 Geuucnsib’us
2979 5429 3344 5490 oppugnatur.
3376 5416 3462 5491 [Ρ.
3487 5413 3612 5490 580]
3654 5413 3769 5468 Hinc

2211 5526 2427 5576 narrata
2476 5514 2512 5568 l.
2556 5529 2609 5574 v,
2668 5528 2719 5567 c.
2763 5512 2844 5577 Η.
2911 5511 3069 5566 facile
3123 5510 3388 5580 reliquum
3449 5508 3577 5564 annl
3634 5505 3766 5562 1305

2208 5604 2558 5677 expleverint.
2600 5604 2765 5674 Igitur
2805 5606 2949 5660 circa
2985 5605 3198 5660 initium
3234 5602 3359 5658 anui
3399 5601 3604 5659 Christi
3640 5597 3767 5657 13οι

2211 5697 2420 5764 escepti
2483 5711 2512 5749 a
2580 5695 2866 5762 Cyzicenis
2925 5696 3167 5751 Cateiani
3222 5695 3374 5752 uberi
3436 5705 3489 5752 et
3548 5696 3766 5763 copioso

2212 5789 2469 5860 hospitio,
2513 5788 2645 5844 nihil
2692 5789 2869 5845 minus
2897 5789 3199 5860 cogitarunt
3228 5802 3388 5860 quam
3421 5789 3573 5862 cujus
3608 5802 3763 5859 causa
