4004 6234
317 339 424 405 857

1620 352 2286 419 CHRONOLOGICUS.

3481 355 3592 423 858

321 460 470 514 missi
498 467 680 528 erant,
713 460 912 520 Persas
943 464 1299 524 ulterioribus
1342 467 1556 540 imperii
1602 471 1904 539 provinciis
1934 474 1977 530 A
2010 470 2210 526 l‘rustra
2245 487 2342 539 per
2373 470 2575 528 missos
2602 481 2651 526 et
2680 470 2896 539 litteras
2933 477 3193 539 expertus
3246 467 3461 524 duobus
3494 469 3607 541 pri-

322 551 549 632 inlcstos
581 568 949 625 oppugnatum
985 558 1087 615 ire.
1118 559 1305 629 itaque
1331 563 1694 632 perstiterunt
1728 580 1761 618 α
1795 580 1912 619 uere

319 631 428 697 illic
457 649 523 698 nd
554 645 861 717 Arcturum,
886 660 945 708 ut
965 653 1155 710 scribit
1176 652 1556 728 Pachymeres,
1601 659 1814 712 bocest
1842 661 1911 713 ab

317 738 490 805 Aprili
533 740 596 792 ad
635 741 1036 810 Septembrem,
1063 761 1170 814 quo
1202 764 1390 805 mense
1434 751 1614 805 oritur
1637 752 1902 806 Arcturus

319 832 474 886 stella
531 834 772 888 studet-im
819 836 1006 891 diebus
1043 850 1165 894 ante
1215 842 1590 911 aequinoctium
1637 845 1903 900 autumni.

317 925 492 980 Verba
527 939 653 980 sunt
687 926 851 983 Plinii
909 931 944 985 l.
975 947 1036 996 tt,
1079 947 1127 988 c.
1179 934 1270 990 47.
1304 933 1372 989 lis
1412 937 1592 989 verbis
1629 935 1908 1007 significat

315 1017 614 1076 historicus
641 1025 955 1081 universam
984 1040 1079 1082 eos
1119 1038 1501 1098 tempestatem
1524 1042 1706 1105 aptam
1742 1050 1902 1103 expe-

315 1112 619 1167 ditionibus
647 1113 698 1167 in
748 1119 962 1174 stativis
1001 1123 1436 1191 consumpsisse,
1469 1139 1575 1180 non
1624 1135 1731 1180 tam
1759 1126 1904 1182 desi.

315 1205 518 1271 dendo,
562 1213 704 1273 quod
732 1202 914 1278 ipsum
945 1224 1091 1270 esset
1123 1216 1477 1287 ﬂagitiosum,
1505 1233 1666 1287 quam
1697 1219 1905 1286 deprae-

318 1301 663 1368 dationiltus,
689 1303 1070 1373 ebrietatibus,
1112 1310 1537 1379 extorsionibus,
1573 1311 1778 1380 stupris
1851 1321 1906 1366 et

320 1395 472 1448 nullo
515 1411 621 1450 non
663 1397 982 1464 iniuriarum
1026 1386 1272 1456 maxime
1331 1402 1754 1459 intolerabilium
1812 1419 1912 1473 ge-

311 1503 449 1542 nere
495 1487 833 1546 miserrimos
910 1492 1152 1562 hospites
1193 1497 1463 1552 vexando.
1519 1497 1650 1564 Qure
1696 1501 1900 1555 scelera

315 1595 427 1634 non
461 1580 644 1636 ferens
675 1581 957 1639 Pitarenda
983 1584 1220 1650 Tzimes,
1255 1603 1396 1644 unus
1436 1604 1468 1644 e
1505 1588 1718 1645 Latinis
1750 1595 1905 1647 duci-

313 1675 440 1740 bus,
479 1689 605 1744 pars
644 1665 854 1731 militiae
877 1678 1054 1736 iStius.
1097 1680 1192 1735 sed
1228 1697 1334 1734 non
1359 1682 1635 1750 subjectus
1669 1682 1904 1741 Rutttze-

310 1769 418 1832 rio,
463 1779 517 1818 at
547 1768 650 1822 sibi
682 1773 900 1838 proprie
935 1783 1252 1830 auctoratos
1285 1776 1484 1833 milites
1516 1779 1767 1844 ductans,
1796 1795 1900 1835 una

309 1873 438 1912 cum
477 1859 544 1914 iis
571 1864 797 1916 recessit
832 1865 1066 1930 patriam
1102 1877 1376 1934 repetens,
1414 1879 1468 1924 ut
1503 1871 1662 1926 tradit
1694 1870 1904 1943 Pachy-

308 1965 497 2008 meres
539 1952 575 2006 l.
622 1970 668 2021 v,
727 1971 780 2011 c.
818 1956 907 2012 Η.
951 1956 1024 2012 Ea
1070 1968 1265 2016 testate
1315 1977 1410 2030 per
1473 1973 1643 2017 totam
1699 1968 1901 2033 passim

309 2041 650 2102 Oriett’talem
689 2048 903 2119 imperii
963 2051 1232 2106 ditionem
1297 2053 1666 2113 licentissime
1723 2058 1904 2118 Persae

309 2136 540 2222 barbari
605 2141 843 2211 agebant
892 2141 1248 2214 ferebantque
1311 2161 1548 2216 cuneta;
1587 2155 1732 2222 quod
1783 2153 1906 2210 fuse

307 2220 648 2285 describitur
695 2248 726 2287 a
769 2246 956 2292 nostro
1008 2237 1046 2292 l.
1081 2252 1133 2303 v,
1168 2255 1216 2293 c.
1273 2239 1366 2296 2i.
1395 2241 1585 2308 Quare
1607 2220 1905 2304 sollicitati

312 2323 698 2391 llontzerlani,
759 2336 819 2383 ut
875 2332 1156 2402 suppetias
1208 2337 1486 2404 oppressis
1526 2352 1906 2410 occurrerent,

307 2431 436 2469 cum
477 2417 548 2472 ab
575 2416 700 2500 aliis
731 2427 844 2474 tum
899 2435 928 2476 a
979 2421 1189 2479 ﬂarule
1228 2425 1584 2497 imperatorio
1613 2431 1768 2498 duce,
1809 2434 1901 2505 qui

307 2525 438 2563 cum
468 2510 744 2579 aliquibus
797 2513 1055 2572 Romanis
1096 2517 1270 2588 cepiis
1309 2519 1576 2577 admisttts
1628 2523 1904 2584 Catelanis

306 2600 498 2673 Cynici
532 2603 784 2690 degebat,
818 2609 984 2663 variis
1033 2625 1254 2680 semper
1315 2614 1669 2681 prrcteatibus
1715 2617 1904 2688 prole-

307 2698 553 2751 ctioneut
584 2696 933 2756 diﬂerebant.
958 2699 1169 2756 Etcum
1197 2704 1312 2773 ipse
1348 2704 1588 2764 Marules
1616 2725 1737 2763 cum
1763 2712 1901 2776 suis,

306 2784 518 2844 frustra
558 2791 788 2846 invitato
826 2794 1143 2861 lionlzerio,
1194 2796 1459 2854 adversus
1516 2812 1806 2871 provectos
1848 2806 1899 2858 in

306 2884 569 2940 viciniam
601 2886 788 2943 hostes
814 2904 1036 2944 movens
1059 2906 1319 2961 prospere
1353 2907 1674 2964 pugnasset,
1719 2899 1899 2967 praeda

306 2994 474 3047 quam
530 2980 599 3035 de
654 2980 838 3037 Persis
897 2982 1015 3053 ipse
1042 2992 1098 3039 et
1129 2986 1246 3054 ejus
1290 2986 1490 3042 milites
1526 2989 1781 3056 tulerant,
1815 3009 1900 3047 re-

305 3073 498 3129 deunti
533 3088 563 3126 a
609 3073 887 3132 Catelanis
921 3083 1003 3131 est
1065 3087 1303 3134 extorta.
1373 3078 1508 3132 Cum
1540 3091 1758 3148 propter
1783 3082 1898 3139 haec

303 3178 355 3222 et
393 3166 568 3222 multa
605 3166 732 3222 talia
761 3168 831 3222 iu.
866 3167 990 3224 aula
1044 3173 1297 3226 nuntiata
1332 3177 1481 3245 gravi
1545 3176 1894 3232 Rontzeriani
1924 3196 1969 3254 ο

306 3257 533 3315 infamia
559 3261 703 3329 apud
745 3260 1127 3330 imperatorem
1157 3265 1489 3330 laborarent,
1525 3267 1805 3340 profectus
1843 3270 1895 3324 in

308 3351 504 3407 urbem
538 3354 640 3408 sub
675 3353 802 3408 anui
860 3353 1043 3420 linem,
1084 3363 1144 3410 ut
1175 3357 1413 3426 videtur,
1449 3360 1777 3418 Rontzerius
1819 3361 1902 3415 is-

307 3443 416 3500 cile
440 3445 628 3500 omnia
659 3446 881 3501 credulo
913 3457 967 3502 et
1004 3448 1109 3504 sibi
1136 3450 1358 3508 addicto
1405 3453 1718 3510 Andronico
1765 3471 1900 3526 pur-

303 3536 502 3608 gavit;
531 3536 905 3608 grandemque
931 3538 1000 3593 ab
1034 3544 1099 3596 eo'
1134 3543 1428 3612 pecuniam
1465 3548 1678 3616 accepit
1718 3547 1768 3602 itt
1804 3548 1903 3605 sti-

306 3630 536 3703 pendia,
563 3639 625 3684 ut
659 3629 863 3697 aiebat,
897 3630 1221 3696 Alanorum,
1261 3651 1398 3706 quos
1441 3637 1608 3692 etiam
1637 3641 1900 3696 admistos

305 3723 426 3781 suis
474 3721 661 3795 Cynici
720 3723 982 3793 habebat,
1036 3729 1488 3799 espendendam;
1533 3741 1587 3788 et
1635 3736 1900 3804 promissa

305 3818 555 3890 ingentis
587 3819 816 3876 alterius
852 3835 1080 3878 summa
1120 3839 1185 3880 ea
1220 3825 1511 3884 collatione
1568 3829 1894 3885 tributorum

307 3913 452 3970 ίοιη
483 3914 962 3984 quadragesimum
999 3916 1124 3972 inde
1162 3919 1304 3973 diem
1330 3924 1699 3990 numerandos,
1731 3924 1894 3995 801

308 4013 475 4073 prout
509 4019 577 4060 ex
621 4005 726 4061 title
752 4004 954 4062 factum
983 4017 1088 4064 est.
1121 4005 1321 4079 Sicque
1359 4026 1589 4070 onustus
1627 4014 1900 4072 thesauris

309 4097 645 4154 Rontzerius
679 4099 748 4153 ad
793 4114 925 4155 suos
974 4102 1135 4156 rediit
1173 4103 1321 4158 circa
1360 4105 1576 4161 initium
1623 4111 1767 4164 veris
1806 4122 1896 4162 an.

308 4190 479 4258 1305,
508 4200 566 4246 ut
595 4200 841 4260 apparet,
876 4207 999 4246 mox
1032 4193 1302 4260 videlicet,
1341 4196 1419 4251 uti
1447 4198 1701 4266 sperabat
1731 4202 1904 4271 impe-

311 4293 486 4349 rator,
520 4298 618 4340 eos
657 4291 849 4340 contra
882 4283 1084 4342 Persas
1114 4289 1400 4345 ducturus.
1435 4286 1637 4346 Verum
1681 4281 1899 4348 interitu

311 4393 420 4434 non
463 4377 622 4448 pauci
667 4391 700 4431 ο
731 4377 1033 4446 Catelanis,
1069 4390 1359 4435 convasata
1400 4383 1454 4437 in
1504 4399 1671 4438 naves
1719 4388 1898 4457 praeda

312 4485 479 4541 quam
513 4470 694 4544 Cyaici
738 4481 795 4527 et
843 4473 978 4528 locis
1003 4472 1410 4530 circuntvicinls
1452 4477 1727 4535 Romanus
1769 4481 1904 4535 diri-

2020 566 2122 620 tnis
2167 567 2446 622 mensibus
2503 566 2716 622 emoliri
2771 565 2969 640 Cyzico
3007 563 3600 631 Rontzerium,menso

2017 659 2177 715 tertio
2207 676 2423 715 socrum
2470 659 2588 730 ejus
2617 658 2833 724 lrenen,
2865 658 3061 716 Asanis
3087 659 3326 721 viduam,
3350 671 3597 712 sororem

2014 767 2192 815 suam,
2219 753 2283 806 ad
2317 769 2438 807 eum
2469 752 2719 823 allegavit
2742 767 2884 823 nave
2908 751 3097 816 celeri,
3123 750 3265 819 quod
3289 747 3492 805 factum
3521 749 3600 828 ait

2013 845 2374 917 Pachymeres
2431 860 2484 914 p.
2519 845 2646 906 421,
2687 857 2854 910 empta
2874 845 2993 914 jam
3030 840 3362 896 hebdomade
3391 857 3606 912 major:

2013 938 2108 993 sub
2137 937 2296 1006 ﬁnem
2330 934 2538 1002 Martii,
2586 937 2688 1004 τῆς
2725 934 2970 1006 μεγάλης
3019 931 3321 1003 ἑϐδομάδος
3352 932 3601 988 natuita-

2012 1031 2236 1098 δούσης,
2270 1031 2506 1100 Κρονίου
2538 1029 2704 1101 μηνὸς
2735 1031 3022 1100 λήγοντος.
3061 1027 3187 1081 Haec
3217 1027 3597 1082 characterem

2010 1129 2224 1175 eertum
2255 1121 2453 1176 ltztbrnt
2491 1123 2648 1191 hujus
2678 1125 2800 1174 anni
2834 1121 3036 1176 Christi
3064 1118 3228 1182 i306,
3254 1135 3360 1190 quo
3385 1117 3596 1174 Pascha

2011 1213 2204 1268 incidit
2245 1215 2293 1267 in
2333 1214 2474 1267 diem
2510 1216 2544 1267 5
2590 1214 2820 1281 Aprilis;
2856 1228 2956 1266 nec
2990 1211 3290 1267 convenire
3321 1208 3598 1278 superiori

2008 1318 2257 1377 possunt,
2312 1307 2403 1376 qui
2459 1305 2662 1362 Pascha
2721 1306 2907 1360 habuit
2966 1305 3058 1359 die
3116 1303 3320 1374 Aprilis
3377 1301 3593 1360 decima

2008 1411 2222 1468 quarta.
2259 1401 2400 1454 unde
2453 1399 2578 1454 linis
2646 1399 2824 1453 Martii
2888 1397 3283 1453 hebdomadam
3327 1398 3596 1467 majorem

2005 1492 2254 1561 nequivit
2286 1493 2576 1561 attingere.
2626 1492 2770 1548 Nihil
2822 1493 3010 1547 omisit
3059 1492 3192 1546 artis
3220 1500 3277 1546 et
3311 1490 3600 1546 industria

2007 1583 2164 1639 lrene
2199 1588 2264 1638 ad
2300 1586 2737 1656 persuadendum
2777 1585 3071 1639 Rontzerio
3099 1593 3372 1638 utcontra
3397 1582 3598 1640 Persas

2009 1679 2278 1734 tenderet.
2337 1677 2444 1732 Sed
2504 1677 2748 1734 Catelani
2807 1686 3101 1747 praetextus
3133 1676 3446 1744 quaerebant
3481 1675 3595 1729 itae-

2009 1769 2160 1823 rendi
2196 1770 2318 1823 loco
2350 1769 2451 1823 sibi
2487 1781 2674 1840 grato;
2711 1770 3043 1836 interimque
3089 1768 3482 1838 superbissime
3507 1766 3596 1820 in-

2014 1863 2278 1918 sultantcs
2311 1861 2517 1927 Alanis,
2550 1862 2600 1915 in
2636 1863 2783 1932 ipsos
2813 1876 2908 1932 per
2937 1862 3114 1932 jurgia
3150 1861 3410 1922 minutos,
3437 1874 3593 1930 gras-

2009 1959 2224 2011 satione
2249 1970 2522 2011 noeturtta
2574 1955 2827 2022 irruunt;
2882 1957 3024 2010 unde
3076 1955 3248 2008 atroci
3296 1953 3591 2008 commisso

2008 2064 2190 2118 pugna
2226 2048 2523 2103 vincuntur
2555 2047 2734 2114 Alani,
2769 2046 2881 2100 lilio
2913 2046 3066 2102 ducis
3097 2047 3343 2116 ipsorum
3391 2043 3594 2116 Georgi

1979 2143 2216 2201 .occlso.
2252 2140 2361 2198 Sed
2407 2140 2693 2213 postridie,
2723 2157 2843 2211 quae
2880 2141 2985 2196 fuit
3035 2141 3154 2196 dies
3187 2138 3393 2209 Aprilis
3427 2154 3595 2200 nona,

2005 2235 2248 2290 vicissim
2283 2237 2630 2305 insurgentes
2673 2234 2826 2290 Alani
2860 2232 3080 2288 circiter
3118 2239 3393 2288 trecentos
3423 2246 3454 2286 e
3481 2229 3592 2286 Ca-

2007 2328 2203 2383 telanis
2268 2337 2640 2398 peremerunt.
2707 2325 2946 2382 Placatis
3036 2333 3316 2395 utcunque
3385 2322 3592 2389 Alanis,

2007 2421 2112 2496 [P.
2154 2421 2306 2495 581]
2365 2438 2557 2479 mense
2613 2422 2829 2476 tandem
2883 2419 3028 2476 Maio
3072 2422 3366 2489 procedere
3424 2420 3594 2490 coepit

2007 2515 2405 2570 Rontzerianus
2432 2515 2704 2570 exercitus
2725 2531 2754 2571 e
2779 2514 3060 2576 Romanis,
3080 2513 3381 2577 Catelanis,
3403 2511 3596 2568 Alanis

2005 2617 2290 2664 constans.
2339 2607 2464 2663 Haec
2516 2622 2582 2663 ea
2635 2607 2973 2680 Pacbymere
3021 2616 3275 2663 constant
3327 2605 3363 2660 Ι.
3421 2621 3497 2670 tv,
3536 2620 3588 2662 c.

2002 2699 2110 2769 2i;
2142 2717 2192 2757 c.
2230 2716 2359 2757 vero
2395 2702 2468 2755 23
2520 2701 2660 2757 idem
2721 2710 2988 2756 memorat
3035 2699 3266 2755 solutam
3308 2698 3588 2754 Routzerii

2005 2793 2241 2847 adventu
2301 2791 2685 2862 Philadelphia;
2745 2793 3110 2857 obsidionem,
3168 2795 3466 2862 commisso
3517 2794 3586 2849 ai

2002 2883 2264 2939 Aulacem
2296 2884 2506 2956 praiio,
2535 2899 2600 2940 ex
2645 2901 2753 2956 quo
2802 2886 3120 2942 vulneratus
3155 2888 3261 2942 dua
3294 2886 3586 2943 Persarum
3653 2876 3657 2881 ⁷

2003 2985 2058 3031 et
2087 2978 2484 3058 Carmanorum
2540 2977 2789 3049 Alisyras
2837 2988 3049 3032 matura
3088 2978 3196 3037 sibi
3230 2980 3352 3051 fuga
3381 2994 3592 3036 consu-

2004 3069 2124 3136 luit,
2157 3069 2365 3126 Amttrii
2403 3086 2628 3127 suarum
2665 3074 2899 3141 partium
2951 3073 3105 3128 ducis
3137 3075 3336 3129 castris
3368 3089 3426 3130 se
3478 3075 3582 3130 atl-

2004 3177 2247 3217 movens.
2279 3160 2356 3216 Ex
2390 3165 2492 3218 hoc
2527 3180 2785 3221 successu
2825 3167 2930 3220 late
2962 3165 3202 3237 inclytus
3255 3166 3585 3222 liontaerius

2002 3255 2328 3311 avarissime
2361 3259 2621 3326 pecunias
2657 3274 2686 3313 a
2721 3258 2996 3316 Romanis
3031 3246 3344 3332 extorquet,
3371 3261 3407 3317 l.
3440 3277 3494 3325 v,
3524 3277 3584 3317 c.

1998 3346 2090 3410 26,
2132 3359 2340 3418 partem
2392 3351 2591 3432 praeda:
2639 3353 2915 3420 deponens
2967 3354 3108 3425 apud
3143 3357 3302 3410 lidam
3338 3356 3463 3421 sibi,
3520 3367 3583 3411 ttt

1999 3443 2247 3512 putabat,
2272 3441 2632 3514 Magnesiam,
2653 3446 2810 3517 cujus
2833 3457 3221 3519 occupatorem
3252 3450 3582 3506 Attaleotam

2000 3533 2318 3603 imperatori
2378 3539 2851 3594 reconciliaverat.
2881 3539 2989 3594 Sed
3042 3541 3142 3596 hoc
3175 3543 3294 3611 ipso
3357 3553 3590 3600 auctore

2001 3625 2408 3698 Hagnesicnses
2441 3631 2493 3684 itt
2539 3631 2886 3688 liotttzcrium
2946 3633 3230 3700 rebellant,
3280 3645 3334 3690 et
3383 3637 3453 3691 ab
3513 3655 3589 3691 cu

2003 3720 2131 3774 totis
2176 3721 2384 3776 viribus
2433 3724 2796 3794 nequidquam
2847 3738 3254 3798 oppugnantur.
3311 3728 3471 3786 Alani
3511 3744 3584 3785 ea

2000 3819 2120 3890 ejus
2147 3819 2346 3876 castris
2393 3820 2633 3891 fugiunt,
2675 3821 2714 3877 I.
2748 3838 2798 3888 v,
2832 3837 2881 3877 c.
2939 3823 3030 3881 5i.
3062 3824 3407 3879 Andronicus
3443 3826 3585 3881 mul-

1999 3913 2071 3967 tis
2105 3912 2292 3967 missis
2345 3921 2402 3966 et
2437 3912 2634 3968 litteris
2681 3912 2886 3968 frustra
2943 3915 3034 3969 diu
3071 3925 3303 3971 conatus
3340 3914 3579 3970 Romae-

2004 4005 2142 4060 rium
2200 4021 2232 4059 a
2297 4004 2585 4076 Magnesiae
2638 4008 3042 4079 oppugnatione
3097 4009 3264 4080 802
3325 4009 3582 4073 aVellerc,

2004 4098 2222 4153 tandem
2273 4098 2322 4152 ei
2365 4101 2657 4167 persuadet
2706 4100 2989 4172 trajectum
3044 4101 3100 4156 itt
3142 4101 3440 4160 Occiduum
3472 4112 3590 4157 tra-

1999 4202 2169 4255 ctum,
2202 4203 2261 4247 ut
2285 4192 2360 4248 ibi
2389 4197 2578 4263 copias
2611 4209 2732 4248 cum
2761 4197 2913 4264 prius
2943 4210 3008 4251 eo
3039 4198 3286 4264 profectu
3312 4194 3587 4251 Micltaele

1999 4286 2246 4358 Augusto
2275 4285 2500 4342 Juniorc
2524 4292 2904 4358 conjungeret.
2941 4287 3079 4360 Ergo
3114 4289 3206 4343 ille
3228 4291 3445 4346 cunctis
3475 4287 3589 4346 lio-

2006 4378 2184 4434 manis
2243 4380 2556 4451 regionibus
2589 4395 2803 4449 quaqua
2849 4382 3068 4436 transiit
3119 4381 3362 4444 vastatis,
3397 4381 3590 4451 copias

2004 4470 2242 4542 denique
2270 4471 2506 4526 traducit
2538 4471 2730 4540 partim
2765 4471 3018 4542 Mitylene
3050 4475 3245 4541 partim
3279 4469 3590 4541 Lampsaco

314 4564 519 4632 piendo
555 4574 928 4630 corraserant,
980 4565 1173 4620 domos
1222 4569 1469 4638 proprias
1506 4568 1713 4638 injussu
1755 4588 1904 4645 τερθ,
1934 4553 1977 4608 Ι)
2005 4562 2368 4634 Madytnm‘et
2397 4564 2450 4618 in
2495 4563 2598 4616 alia
2643 4563 2974 4618 continentis
3017 4563 3272 4620 Ot'cidute
3320 4565 3458 4629 loca,
3489 4566 3587 4620 ubi

311 4659 538 4713 tierunt.
572 4654 700 4711 Inde
746 4664 935 4712 secuta
965 4658 1372 4729 stipendiorum
1415 4661 1896 4730 per'llontzeriutn

316 4751 504 4823 iniqua
534 4749 728 4805 divisio
765 4758 872 4817 est,
905 4751 1052 4806 italis
1097 4752 1243 4824 large
1277 4753 1514 4820 donatis,
1542 4757 1735 4812 Alanis
1786 4776 1902 4812 ma-

315 4845 463 4916 ligne
498 4844 738 4915 aspersis
781 4843 1129 4913 imperatoria
1166 4847 1420 4915 pecunia.
1463 4847 1600 4905 ilinc
1623 4853 1766 4907 inter
1801 4854 1900 4908 bos

315 4949 371 4996 et
399 4941 522 4996 illos
559 4950 695 4995 ortae
727 4939 1034 4994 simultates
1072 4939 1163 4995 diu
1209 4941 1612 5010 suspicionibus
1649 4934 1900 5016 odiisque

320 5034 563 5102 rixisqtto
603 5033 746 5089 inter
770 5033 916 5102 ipsos
951 5035 1154 5089 mutuis
1179 5037 1437 5091 exercits:
1469 5044 1614 5093 sunt.
1648 5037 1751 5093 Per
1784 5041 1899 5095 haec

316 5126 616 5183 detrectata
645 5127 812 5181 Variis
845 5126 1180 5182 elusionibtts
1233 5129 1284 5182 itt
1320 5129 1478 5196 hujus
1520 5147 1737 5202 quoque
1769 5133 1896 5188 anni

318 5230 560 5275 aestatem
594 5220 866 5284 expeditio
896 5220 950 5273 in
1001 5219 1198 5276 Persas
1243 5232 1348 5289 est,
1376 5221 1654 5278 Catelanis
1699 5225 1894 5280 stativa

318 5315 599 5369 commoda
617 5312 927 5380 relinquere
945 5312 1274 5378 uolentibus,
1308 5320 1654 5385 quantumvis
1671 5329 1898 5387 urgente

318 5403 682 5470 imperatore;
720 5415 879 5471 quem
907 5403 1144 5459 maxime
1185 5405 1467 5474 premebat
1492 5407 1730 5463 obsideri
1786 5412 1901 5466 cte-

323 5503 436 5562 pta,
485 5492 709 5563 Alisyrae
746 5492 924 5548 Persa:
984 5505 1220 5564 satrapa:
1267 5496 1462 5552 validis
1494 5499 1687 5566 copiis,
1715 5498 1897 5556 Phila-

323 5583 565 5654 delphia;
626 5584 774 5656 quod
830 5586 934 5641 sub
983 5593 1302 5643 autumnum
1350 5590 1614 5647 an.i305
1643 5595 1897 5651 evenisse

323 5675 665 5732 crediderim.

392 5766 498 5823 Vll.
530 5768 654 5824 iniit
702 5783 880 5826 annus
909 5771 1114 5828 Christi
1169 5773 1328 5838 i306,
1367 5776 1588 5845 quando
1631 5777 1895 5833 sollicitus

328 5859 614 5932 imperator
640 5879 738 5936 pro
764 5865 1130 5937 Philadelphia
1146 5867 1258 5939 jam
1289 5870 1400 5926 acri
1422 5869 1563 5926 [autc
1586 5871 1890 5937 laborante,

2005 4655 2283 4710 Butttanos
2309 4655 2583 4711 hostiliter
2604 4655 2848 4712 Cateiani
2879 4657 3172 4729 depraedati
3198 4671 3349 4717 sunt.
3385 4661 3585 4716 Narrat

2002 4750 2117 4804 haec
2148 4749 2515 4822 Pacbymeres
2561 4749 2601 4806 l.
2630 4766 2701 4812 Vl,
2746 4766 2794 4806 c.
2825 4751 2880 4818 ὃ,
2923 4766 3045 4822 quae
3075 4752 3190 4807 sine
3216 4753 3379 4808 dubio
3409 4755 3580 4821 perti-

2003 4854 2131 4899 nent
2162 4843 2226 4897 ad
2261 4841 2554 4900 Octobrem
2588 4853 2680 4900 aut
2713 4843 3074 4900 Novembrem
3099 4845 3224 4900 anni
3248 4846 3380 4904 Chr.
3416 4847 3584 4912 1306,

1999 4940 2218 5008 quando
2257 4942 2492 4992 nondum
2521 4939 2863 4993 Andronicus
2901 4939 2990 5002 24.
3047 4938 3278 4994 Michael
3313 4941 3378 4996 i3
3407 4941 3580 5010 impe-

2003 5030 2069 5084 rii
2096 5044 2313 5084 annum
2351 5031 2722 5100 expleverant.
2764 5032 2914 5088 Unde
2967 5033 3216 5089 ultimum
3261 5033 3316 5087 id
3351 5036 3586 5105 tempus

2001 5132 2083 5177 est
2109 5140 2218 5194 quo
2254 5138 2438 5178 verum
2476 5142 2597 5182 esse
2627 5129 2799 5196 potuit
2832 5126 2960 5180 illud
2994 5125 3138 5196 quod
3168 5126 3357 5182 scribit
3380 5139 3578 5198 noster

1999 5217 2055 5271 itt
2091 5215 2268 5271 fronte
2291 5218 2412 5274 libri
2445 5221 2657 5289 septimi
2686 5239 2699 5276 :
2731 5221 2990 5274 Ambobus
3004 5222 3123 5289 jam
3145 5223 3572 5288 imperatoribus,

1997 5313 2198 5368 seniori
2221 5313 2436 5384 quidem
2469 5315 2676 5368 tertium
2731 5325 2780 5368 et
2814 5314 3135 5378 vicesimum,
3158 5315 3368 5384 juuiors’
3395 5329 3576 5370 autem

1997 5405 2361 5460 duodecimum
2386 5423 2581 5461 artuum
2601 5407 2809 5475 imperii
2835 5409 2999 5461 euolui
3022 5409 3264 5480 contigit.
3297 5407 3581 5480 Progressi

1997 5497 2143 5551 enim
2185 5506 2410 5566 uterque
2459 5497 2686 5551 multum
2742 5507 2901 5552 erant
2939 5498 2991 5551 in
3027 5514 3173 5553 anno
3229 5499 3318 5554 ille
3359 5500 3453 5563 24,
3485 5502 3576 5555 hic

1999 5589 2088 5655 i5,
2150 5591 2245 5646 sed
2299 5600 2489 5645 neuter
2522 5590 2672 5645 illum
2726 5591 3072 5648 absolverat;
3111 5592 3371 5647 desinunt
3425 5595 3574 5648 enim

1997 5685 2123 5740 anni
2153 5701 2307 5754 teque
2336 5685 2620 5740 amborum
2663 5695 2910 5740 extremo
2953 5684 3256 5741 Decembri.
3281 5686 3422 5743 Usus
3443 5705 3581 5758 ergo

2001 5778 2324 5847 repetitione
2349 5779 2586 5850 quadam
2619 5787 2704 5833 est
2734 5781 2861 5833 dum
2893 5778 2996 5834 ista
3021 5781 3239 5847 scripsit
3271 5779 3570 5851 Pacltyme-

1999 5889 2111 5938 res,
2137 5883 2192 5930 et
2222 5885 2366 5931 retro
2403 5889 2466 5929 sx
2503 5890 2565 5930 ea
2615 5887 2777 5944 quam
2823 5883 2938 5928 tum
2991 5874 3260 5930 tractabat
3303 5875 3574 5929 memoria
