4004 6234
321 370 418 441 861
1623 376 1718 437 Cll
1731 375 1927 439 ΗΟΝο

2033 376 2269 441 lGICUS
3481 371 3591 439 862

323 492 588 564 Europam
643 491 826 562 Lingua
883 506 1017 549 usus
1065 492 1360 549 historicus
1401 493 1738 551 crebriorem
1786 495 1906 552 dis-
1932 505 1974 558 Α
2007 511 2131 553 eum
2163 513 2227 553 ex
2271 497 2427 554 labro
2453 496 2685 553 ferrario
2711 498 2779 552 ad
2812 492 3099 568 imperium
3119 504 3390 550 evectum.
3447 492 3587 547 Tum

327 586 734 654 tinctioremque
803 587 917 641 suis
989 586 1208 657 scriptis
1282 589 1615 645 mentionem
1671 591 1915 646 inseruit
2005 606 2198 645 eorum
2221 589 2491 656 instituta,
2524 601 2775 647 moreset
2806 600 2922 646 acta
2953 590 3068 645 lose
3094 598 3380 650 memorat,
3409 585 3593 640 sedem

327 694 482 751 quam
509 677 872 750 l’acbymeres
905 679 994 736 hic
1026 690 1231 736 noster.
1263 679 1363 735 Cui
1427 694 1717 752 propterea
1778 684 1907 740 illu-
2005 684 2171 740 etiam
2203 686 2325 740 novi
2351 685 2511 755 huius
2533 684 2745 754 imperii
2776 687 3045 748 indicans,
3103 680 3297 736 Portas
3345 678 3593 748 Caspias,

327 775 547 827 strando
579 772 847 826 addictam
877 773 1075 827 dudum
1100 775 1308 829 habens
1326 776 1776 847 operarn,fugere
1798 779 1908 834 sal-
2007 784 2098 854 qui
2136 781 2286 838 locus
2319 781 2374 837 in
2418 780 2603 836 Mediae
2624 798 2686 836 ac
2722 781 2958 837 Parthia:
3010 776 3260 832 conlioiis
3310 775 3449 828 situs
3486 784 3592 827 est.

325 882 390 922 vo
428 865 602 921 ofﬁcio
649 881 754 922 non
804 867 978 938 potui,
1033 869 1164 938 quin
1211 868 1420 942 illigare
1481 882 1630 927 certa
1694 873 1909 931 ratione
2080 876 2173 933 lli.
2204 877 2389 947 Pergit
2413 876 2878 948 Abnlpharagins,
2918 873 3168 929 referens
3205 885 3351 924 anno
3389 867 3598 935 "egit-ae

327 959 700 1028 εδτοιιοιοείω
727 973 957 1014 conare"
980 975 1100 1030 ιιιιω
1130 961 1282 1016 τετίο
1310 961 1402 1017 me
1425 976 1490 1016 ³ο
1520 962 1747 1018 confuse
1768 963 1909 1018 ῖηάί*
2010 972 2120 1028 600
2143 983 2358 1044 captam
2395 987 2421 1024 a
2453 971 2666 1027 Latinis
2700 966 3260 1037 Conatantinopolim.
3297 963 3394 1019 Est
3424 978 3600 1016 alllllls

327 1065 453 1106 cans
469 1054 666 1119 passim
691 1049 759 1107 de
791 1050 1044 1122 Mnguliis
1084 1051 1315 1122 plurima
1357 1054 1642 1122 congerit;
1667 1055 1734 1110 ad
1759 1057 1908 1126 quod

2033 1067 2229 1139 legirm
2263 1067 2369 1122 600
2401 1068 2452 1121 in
2475 1082 2585 1122 ara
2620 1065 2823 1122 Christi
2851 1064 3013 1127 1205,
3046 1063 3142 1116 sed
3172 1077 3202 1118 a
3231 1061 3317 1115 die
3338 1058 3602 1112 duntaxat

329 1162 517 1218 parum
550 1147 737 1216 utique
759 1146 986 1202 subsidii
1019 1146 1073 1201 in
1107 1146 1310 1204 Graecis
1343 1146 1661 1215 Latinisque
1690 1150 1912 1206 histori-
2013 1159 2226 1216 decima
2270 1165 2480 1216 meum
2529 1158 2872 1230 Septembris
2902 1157 3133 1219 ιιιιίπηῑ,
3169 1171 3331 1226 quam
3368 1154 3421 1207 in
3457 1153 3598 1208 diem

327 1241 408 1297 cis
439 1243 740 1307 reperiens,
775 1240 1069 1298 consulere
1123 1255 1247 1296 sum
1297 1240 1509 1297 Arabas
1543 1253 1787 1300 coactus.
1830 1243 1910 1299 Ex

2035 1254 2303 1309 ieomenia
2341 1252 2657 1308 Mnharram
2692 1251 2853 1321 primi
2887 1250 3124 1305 Arabum
3156 1247 3361 1302 mensis
3387 1245 3599 1301 incidit.

336 1345 421 1403 his
476 1342 777 1412 GTPBOl‘lUS
833 1339 1296 1410 Abulpbarasitw.
1332 1337 1679 1395 (Πιτίδῑῖαηυε
1720 1353 1913 1398 θιιϐιοτ
2013 1348 2150 1409 Cum
2187 1357 2368 1401 autem
2401 1361 2502 1402 nos
2549 1343 3112 1399 demonstraverimus
3147 1353 3294 1396 tomo
3322 1338 3604 1408 superiore

329 1433 877 1502 accuratiChronici,
909 1449 1084 1501 nuper
1121 1448 1184 1488 es
1218 1434 1455 1489 Arabico
1484 1431 1779 1490 Latinitate
1811 1435 1914 1490 do-
2017 1451 2342 1509 occupatam
2396 1457 2424 1493 a
2472 1435 2679 1495 Latinis
2727 1434 3262 1506 Constantinopolim
3315 1431 3486 1487 fuisse
3515 1430 3604 1483 die
3667 1473 3670 1476 .

331 1532 438 1588 nati
470 1539 636 1598 atque
657 1540 891 1596 utroque
911 1525 1238 1596 conjunctim
1266 1527 1526 1582 idiomate
1548 1524 1774 1583 Londini
1798 1528 1916 1585 edi-

334 1623 370 1678 ti
421 1623 491 1677 ab
522 1618 775 1675 Eduardo
821 1618 1116 1687 Pococltio,
1172 1619 1226 1673 in
1259 1621 1362 1675 hoc
1397 1619 1467 1676 de
1531 1636 1588 1676 re
1655 1622 1913 1677 litteraria

330 1714 532 1784 optime
564 1713 782 1778 merito,
809 1727 919 1776 me,
947 1711 1092 1781 quod
1115 1721 1271 1783 grate
1296 1710 1652 1781 fateor,juvit
1684 1712 1916 1782 insigni-

331 1815 432 1865 ter.
461 1804 613 1863 Vixit
633 1816 690 1862 et
718 1805 941 1875 scripsit
967 1806 1011 1862 is
1035 1805 1501 1877 cltronographus,
1532 1815 1690 1876 prout
1708 1805 1918 1877 colligis

2021 1533 2089 1588 l2
2121 1531 2326 1602 Aprilis
2358 1531 2489 1585 anni
2539 1531 2744 1586 Christi
2790 1529 2955 1591 1203,
2987 1543 3106 1584 eam
3139 1527 3405 1598 epocham
3455 1533 3603 1578 retro

2021 1628 2238 1682 trahere
2293 1627 2504 1695 aliquot
2547 1625 2824 1680 mensibus
2859 1623 3126 1694 cogimur,
3172 1628 3229 1676 et
3286 1620 3352 1675 ad
3386 1616 3608 1688 quadri-

2020 1734 2222 1776 mcstro
2267 1722 2518 1780 ultimum
2582 1719 2710 1794 anni
2767 1716 2980 1789 llegirre
3035 1715 3138 1773 599
3190 1713 3440 1772 conferre
3473 1752 3488 1778 ,
3525 1719 3610 1767 'ut

2023 1829 2233 1885 magna:
2287 1815 2391 1869 illa:
2422 1815 2811 1868 conversiones
2846 1813 2988 1875 dum,
3048 1809 3262 1877 imperii
3306 1823 3336 1860 a
3373 1805 3608 1861 Praeste-

333 1900 663 1959 turevariis
715 1900 831 1970 ejus
869 1901 1050 1970 operis
1095 1898 1252 1966 locis,
1298 1898 1598 1969 incipiente
1648 1899 1919 1954 dominari
1956 1900 2384 1976 Biannensibus
2445 1905 2512 1960 ad
2571 1903 2838 1976 Mugnlios
2889 1901 3142 1958 translati
3179 1910 3236 1956 et
3289 1899 3524 1954 redacta:
3552 1898 3606 1952 in

332 1994 799 2064 Constantinopoli
827 1992 993 2049 domo
1019 1991 1346 2064 Palmologa,
1411 1993 1515 2050 sub
1566 1994 1758 2064 primis
1805 1993 1923 2063 ejus

332 2088 568 2147 nominis
597 2087 1018 2159 imperatoribus
1044 2086 1306 2145 Michaele
1324 2098 1381 2145 et
1408 2087 1715 2145 Andronico
1746 2086 1924 2143 senio-

338 2198 418 2250 re,
455 2197 690 2254 quorum
715 2193 839 2240 acts
854 2183 1097 2240 duorum
1126 2180 1568 2255 Pachymerianae
1617 2178 1777 2249 hujus
1833 2177 1924 2235 bi-

338 2279 526 2335 storiae
575 2276 920 2334 voluminum
987 2284 1370 2348 argumentum
1448 2284 1579 2332 sunt
1631 2291 1648 2330 :
1704 2272 1927 2344 scripsit

342 2379 520 2428 autem
587 2379 643 2427 et
683 2368 752 2426 ad
795 2383 982 2425 rerum
1035 2369 1179 2425 vere'
1213 2375 1490 2440 gestarum
1537 2375 1789 2423 exactam
1839 2364 1928 2421 in-

339 2466 671 2526 dicationem
695 2475 750 2523 et
777 2467 844 2524 ad
873 2476 1181 2536 temporum
1209 2462 1632 2528 ordinationem,
1655 2467 1925 2530 quantum

337 2576 406 2621 ex
438 2560 735 2619 collatione
755 2574 878 2615 cum
906 2558 1130 2630 optimis
1156 2557 1464 2629 quibusque
1513 2554 1802 2625 explorare
1827 2567 1927 2626 po-

339 2648 453 2726 tui,
483 2654 822 2711 ﬁdelissime.
859 2650 1041 2720 Quare
1097 2648 1450 2725 accuratione
1493 2662 1660 2721 quam
1706 2653 1929 2718 praestat

343 2748 395 2808 in
423 2750 490 2807 iis
515 2763 644 2820 quae
678 2753 905 2818 possunt
939 2743 1121 2800 alieno
1177 2741 1490 2798 testimonio
1546 2739 1791 2811 coargui.
1839 2735 1928 2795 di-

344 2861 483 2916 gnus
509 2845 726 2899 videtur
743 2841 829 2898 cui
852 2839 985 2897 ﬁdos
1010 2851 1204 2896 secure
1247 2836 1520 2894 habeatur
1557 2835 1613 2890 in
1666 2834 1754 2890 his
1804 2846 1930 2904 qua

341 2939 576 2998 amrmat
598 2937 775 2994 solus.

410 3031 477 3090 Il.
506 3031 608 3087 llic
634 3030 802 3102 igitur
831 3028 913 3085 sui
934 3025 1192 3086 Cbronici
1221 3024 1274 3081 in
1296 3021 1530 3080 Arabico
1551 3021 1770 3094 quidem
1793 3035 1924 3078 con-

342 3135 494 3185 testu
555 3141 612 3195 p.
645 3123 772 3188 427,
802 3122 857 3178 in
915 3119 1110 3176 Latina
1169 3133 1301 3174 vero
1357 3116 1808 3186 interpretatione
1875 3128 1927 3182 ρ.

339 3221 466 3289 280,
499 3221 581 3277 ait
617 3232 759 3275 anno
784 3216 997 3285 Hegiraz
1026 3213 1328 3284 599,cujus
1379 3210 1594 3267 initium
1651 3207 1756 3264 fuit
1813 3208 1929 3264 dies

344 3312 412 3372 20
446 3311 790 3387 Septembris
813 3311 866 3366 in
897 3323 1041 3364 anno
1074 3321 1197 3364 serat
1216 3315 1420 3362 nostra:
1444 3303 1644 3361 Christi
1686 3301 1931 3373 vulgaris

349 3407 506 3472 1202,
536 3405 773 3476 cmpisse
805 3403 1098 3472 imperium
1133 3396 1810 3472 Mognleusiumtdesiisse
1831 3409 1932 3452 au-

348 3509 456 3555 tem
494 3494 784 3566 imperium
807 3491 1202 3563 Praestejannis
1217 3492 1333 3548 sive
1353 3488 1656 3563 presbyteri
1681 3486 1930 3544 Joannis.

343 3589 584 3652 Ioannes
609 3599 737 3648 erat
768 3599 1062 3644 commune
1096 3601 1298 3643 nomen
1327 3585 1633 3657 principum
1663 3583 1934 3639 latissime

344 3686 615 3761 quondam
631 3681 1025 3739 dominantium
1043 3678 1209 3752 805
1219 3693 1379 3747 super
1393 3675 1624 3750 Scythas
1636 3675 1933 3742 Asiaticos,

2026 1999 2348 2054 Latinorum
2391 2009 2714 2068 potestatem
2756 1997 3072 2067 metropolis
3129 1994 3342 2064 imperii
3387 1991 3612 2060 Graeco,-

2027 2111 2171 2160 rum,
2230 2094 2282 2148 in
2341 2109 2507 2148 unum
2562 2093 2922 2162 eamdemque
2983 2106 3105 2145 serae
3153 2087 3609 2154 Arabica‘,quam

2029 2188 2246 2263 Hegirw
2279 2199 2496 2257 vocant,
2550 2204 2753 2243 annum
2815 2187 3420 2243 undesexcentesimum
3483 2197 3614 2237 con-

2029 2283 2298 2338 venerint.
2335 2281 2496 2336 Anno
2534 2282 2660 2337 inde
2708 2280 2813 2336 606
2848 2279 3085 2351 Hegira‘,
3121 2279 3211 2350 qui
3260 2278 3383 2333 iniit
3420 2276 3454 2330 6
3483 2273 3610 2331 Julii

2029 2375 2154 2433 anni
2191 2375 2325 2432 Chr.
2358 2374 2520 2440 l209,
2547 2372 2950 2444 Gingizchanes
2981 2373 3209 2444 imperio
3253 2386 3354 2428 suo
3383 2368 3613 2440 subjun-

2027 2473 2110 2527 xit
2133 2469 2390 2544 regiones
2405 2468 2801 2536 Caracathaitc,
2829 2481 2952 2539 quae
2985 2466 3233 2522 videntur
3261 2464 3617 2521 'l‘artarorum

2029 2561 2249 2620 Sinensi
2306 2576 2477 2632 regno
2523 2561 2867 2617 conlinium.‘
2902 2561 3059 2616 Anno
3106 2559 3245 2631 Heg.
3296 2559 3424 2625 6l0,
3461 2557 3619 2628 cujus

2029 2661 2117 2709 est
2147 2651 2360 2707 initium
2388 2666 2417 2704 a
2452 2649 2577 2706 Maii
2607 2650 2680 2705 εδ
2712 2650 2839 2706 anni
2867 2647 3070 2704 Cbrlsti
3104 2648 3265 2715 1215,
3291 2647 3618 2716 Cingizcha-

2033 2760 2130 2802 nes
2182 2744 2327 2800 bello
2370 2744 2580 2800 indicto
2633 2743 2836 2800 sultani
2871 2742 3199 2809 lloliamedi,
3255 2743 3306 2797 in
3359 2742 3618 2796 ultionem

2032 2836 2252 2908 iniustae
2314 2837 2468 2893 necis
2535 2836 2899 2908 quorumdam
2961 2845 3372 2902 mercatorum,
3430 2833 3618 2889 urbem

2033 2932 2327 2988 maximam
2352 2930 2603 2986 Otraram
2636 2930 3021 3001 postquinque
3053 2930 3324 2986 mensium
3374 2929 3620 2984 obsidio-

2034 3039 2160 3082 nem
2204 3025 2254 3079 vi
2311 3024 2454 3095 cepit
2495 3038 2617 3078 cum
2673 3024 2881 3079 inﬁnita
2919 3024 3198 3080 hominum
3272 3023 3437 3090 caede,
3473 3027 3622 3079 utet

2034 3131 2181 3173 anno
2233 3115 2361 3182 617,
2410 3115 2565 3186 cuius
2618 3113 2877 3171 Kalends:
2928 3117 2982 3172 in
3032 3114 3068 3170 8
3110 3114 3286 3170 Martii
3347 3115 3620 3180 incidunt,

2037 3209 2341 3266 Bocltaram
2397 3220 2453 3265 et
2497 3209 2930 3265 Samarkandsm
2985 3209 3152 3265 urbes
3199 3207 3358 3281 longe
3396 3207 3622 3278 amplis-

2036 3303 2227 3368 simas,
2288 3317 2520 3372 quarum
2573 3303 2698 3359 huic
2758 3303 3016 3376 praesidio
3068 3301 3236 3359 fuisse
3289 3302 3541 3373 imposita
3590 3315 3623 3355 a

2034 3395 2251 3453 sultane
2302 3395 2621 3450 Moltamede
2652 3405 2872 3451 centum
2929 3395 3117 3470 viginti
3161 3394 3409 3465 equitum
3451 3393 3619 3450 millia

2034 3488 2203 3544 tradit
2235 3487 2700 3560 Abulpbaragins.
2740 3488 2849 3546 Sed
2884 3488 2970 3544 his
3007 3487 3194 3561 praelio
3237 3487 3623 3545 cruentissimo

2035 3582 2338 3655 proﬂigatis
2366 3585 2546 3640 dedita
2569 3583 2738 3655 806
2768 3594 2824 3640 et
2854 3582 3069 3655 direpta
3112 3581 3486 3639 Samarksnda
3513 3592 3621 3647 est,

2040 3678 2266 3748 triginta
2298 3678 2585 3735 hominum
2620 3677 2859 3733 millibus
2884 3676 3110 3745 occisis,
3159 3676 3384 3733 totidem
3412 3675 3468 3731 in
3497 3689 3618 3732 ser-

348 3779 416 3840 ad
443 3788 682 3837 montem
718 3776 947 3839 Imaum;
977 3774 1114 3830 adeo
1139 3781 1196 3827 ut
1229 3770 1451 3842 quidam
1506 3769 1748 3827 scribant
1795 3769 1935 3824 duos

352 3885 405 3934 et
446 3872 791 3946 septuaginta
824 3880 980 3940 reges
1037 3866 1172 3936 ipsis
1205 3864 1494 3937 aliquando
1531 3862 1701 3921 fuisse
1765 3861 1938 3918 vecti-

351 3971 522 4043 gales.
577 3966 942 4025 Christianam
983 3971 1165 4018 autem
1223 3958 1568 4030 religionem,
1620 3957 1717 4013 sed
1778 3952 1935 4026 iusta

350 4063 588 4122 Nestoril
612 4059 891 4124 haeresim,
927 4055 1202 4122 colebant,
1256 4067 1591 4123 crucemque
1661 4050 1718 4108 in
1780 4050 1937 4108 bellis

350 4175 461 4234 pra
488 4173 550 4215 se
583 4154 851 4226 duplicent
881 4150 1150 4232 ferebant,
1177 4149 1400 4203 alteram
1432 4159 1677 4214 auream,
1706 4143 1935 4202 alteram
2039 4147 2210 4204 simas
2258 4157 2314 4205 et
2348 4149 2770 4218 munitissimae,
2827 4151 3158 4222 expugnavit
3201 4150 3624 4222 Gingizcbanes‘,

351 4261 676 4327 gemmeam.
713 4242 854 4302 Huic
893 4242 1121 4314 imperio
1159 4240 1252 4313 qui
1301 4237 1528 4313 ultimtts
1579 4235 1819 4308 praefuit,
1880 4244 1940 4293 Ill
2037 4252 2097 4300 ct
2129 4243 2196 4299 ad
2225 4243 2480 4299 Sendia
2518 4258 2732 4300 amnem
2753 4245 2870 4301 acie
2894 4243 3253 4302 Jalalodlnum
3279 4246 3432 4314 vicit,
3464 4246 3630 4314 huius

353 4347 512 4406 docet
540 4336 1003 4411 Abulpharagius.
1024 4342 1224 4406 praeter
1262 4347 1554 4388 commune
1577 4329 1804 4387 Joannis
1832 4345 1927 4385 no-

2042 4347 2225 4394 tamen
2257 4336 2539 4393 admirans
2587 4337 3000 4408 pradicansque
3031 4337 3432 4406 fortitudinem,
3478 4340 3630 4410 quod

355 4457 479 4501 men
529 4439 749 4512 prOprie
802 4432 920 4505 L'ng
958 4432 1110 4490 Chun
1160 4437 1406 4494 vocatus,
1458 4442 1581 4483 cum
1648 4425 1927 4498 quemdam

2041 4448 2167 4490 eum
2198 4431 2349 4488 illum
2373 4433 2554 4489 vivom
2577 4434 2644 4489 ad
2674 4447 2736 4490 se
2758 4433 2981 4504 perduci
3003 4433 3288 4504 iussisset,
3313 4435 3361 4490 is
3389 4449 3421 4490 e
3442 4445 3626 4504 strage
3651 4459 3653 4461 ί

357 4533 705 4592 Tamuiitmm
738 4528 979 4594 nomine.
1014 4539 1123 4594 quo
1150 4522 1330 4578 fueral
1357 4535 1492 4577 υδιιδ
1524 4518 1638 4581 diuo
1681 4518 1735 4574 ίη
1780 4516 1942 4574 bellis
2043 4530 2191 4586 circa
2223 4542 2284 4584 se
2309 4543 2536 4585 suorum
2574 4527 2888 4601 intelligens
2931 4544 3102 4601 quare
3141 4529 3243 4586 sibi
3287 4525 3472 4587 hostes
3498 4544 3625 4602 par-

359 4626 683 4703 praesertim,
706 4633 928 4681 strenuo
955 4630 1011 4676 et
1026 4616 1341 4700 felicissimo
1359 4613 1633 4679 ministro,
1650 4612 1927 4668 calumniit

2043 4628 2256 4688 carent,
2307 4633 2478 4694 eques
2539 4619 2762 4676 ﬂuvium
2819 4622 3076 4687 tranavit,
3133 4632 3188 4679 et
3225 4635 3294 4680 ex
3343 4637 3408 4679 eo
3444 4625 3640 4679 medio

359 4721 680 4777 aemulorum
746 4715 980 4772 invisum
1056 4709 1161 4767 sibi
1223 4710 1427 4766 factum
1478 4703 1927 4777 compreliendert

2047 4724 2242 4770 natans
2325 4725 2621 4771 conversus
2699 4716 2951 4787 sagittam
3028 4723 3118 4773 est
3185 4716 3489 4790 eiaculatus
3569 4719 3652 4774 in-

360 4813 772 4886 aggrederetur,
795 4808 863 4864 ab
916 4821 983 4864 eo
1040 4804 1334 4874 fortissime
1385 4813 1725 4874 repugnante
1767 4813 1927 4860 victm

2047 4809 2414 4883 Mognlenses.
2472 4809 2779 4879 Contigisse
2863 4811 2966 4867 hoc
3037 4812 3114 4867 ait
3188 4812 3640 4882 Abulpharagius-

359 4909 475 4978 ipse
495 4905 820 4973 occisusque
840 4907 946 4957 est.
977 4899 1095 4966 Quo
1114 4904 1362 4968 tempore
1384 4899 1606 4968 quidam
1661 4899 1801 4955 inter
1833 4897 1948 4953 Mo-
2047 4914 2238 4959 mense
2268 4899 2497 4965 Raiebo,
2533 4901 2624 4972 qui
2679 4901 2730 4956 in
2773 4916 2918 4958 anno
2944 4901 3181 4957 Arabico
3216 4904 3421 4958 mensis
3455 4902 3626 4971 septi-

363 5000 617 5072 gulenses
643 5009 850 5067 magna
884 4990 1251 5055 auctoritatis,
1283 4991 1601 5062 apparuisse
1638 4992 1741 5048 sibi
1777 4990 1944 5048 Deum
2053 5012 2174 5052 mus
2202 5005 2308 5061 est,
2342 5009 2408 5050 ex
2461 4995 2563 5050 hoc
2610 4994 2748 5052 miro
2807 5010 3061 5065 successu
3111 4994 3443 5051 fortitudinis
3477 4993 3659 5050 ,ΜΩ-μ

363 5092 742 5159 aﬂirmans,et
779 5087 1086 5144 declarasse
1115 5085 1348 5141 electum
1404 5098 1435 5139 a
1484 5099 1547 5141 se
1597 5084 1949 5140 'l‘amuiiuum
2049 5087 2218 5144 lodini
2265 5098 2455 5142 natum
2500 5101 2758 5143 asserens
2801 5089 3146 5158 proverbium
3175 5089 3490 5154 Arabicum,
3518 5104 3664 5160 quoe

362 5185 417 5240 in
440 5199 600 5257 quem
648 5182 800 5239 orbis
849 5189 1118 5237 terrarum
1170 5178 1455 5249 imperiam
1509 5186 1674 5248 atque
1728 5179 1782 5232 iu
1829 5177 1947 5248 ejus
2049 5181 2154 5235 dici
2201 5179 2338 5236 solet
2396 5181 2509 5235 vivs
2555 5185 2626 5235 ad
2660 5178 2940 5244 linigeram,
2989 5191 3039 5236 et
3094 5180 3289 5237 videbis
3343 5183 3506 5239 mira.
3547 5181 3658 5238 Ex.

362 5287 613 5350 posteros
640 5274 941 5331 transferre
969 5273 1316 5338 decrevisset,
1353 5271 1668 5328 universam
1705 5271 1778 5326 illi
1809 5286 1927 5327 con-

2046 5277 2331 5330 occasione
2377 5273 2464 5330 hic
2506 5289 2702 5344 ponam
2756 5274 3192 5343 experimentum
3243 5277 3662 5333 consensionis--

365 5372 571 5432 clliavit
602 5369 966 5443 Muguliorom
993 5377 1240 5438 gentem;
1270 5365 1426 5437 cujus
1441 5380 1706 5422 consensu
1731 5374 1947 5420 creatus
1990 5355 1992 5358 ’
2048 5366 2436 5436 Abulpharagii
2465 5382 2587 5422 cum
2616 5367 3278 5438 nostriscbrouographis
3307 5382 3335 5422 s
3376 5381 3463 5422 me
3496 5383 3622 5423 cum
3648 5397 3657 5405 --

369 5470 682 5539 imperator,
713 5482 743 5520 a
779 5464 894 5521 Deo
929 5463 1070 5535 ipso,
1102 5468 1162 5516 ut
1195 5461 1284 5516 ille
1317 5476 1478 5532 quem
1515 5459 1627 5515 disi
1667 5457 1945 5516 fanaticus
2050 5458 2326 5528 voluptate
2371 5459 2741 5516 observatum.
2790 5457 2882 5515 Ait
2937 5459 3041 5514 hoc
3086 5459 3276 5515 eodem
3312 5473 3453 5515 anno
3487 5457 3620 5530 Heg.

370 5563 568 5630 aiebat,
596 5560 907 5632 impositum
935 5556 1023 5632 [Ρ.
1054 5554 1184 5630 584]
1233 5557 1333 5626 ipsi
1373 5555 1587 5626 accepit
1620 5553 1946 5625 Gingiacho-
2048 5552 2154 5609 618
2177 5554 2446 5609 soltanem
2489 5552 2713 5626 Egypti
2764 5553 3077 5609 Damiatam
3104 5553 3173 5610 de
3204 5553 3434 5610 Francis
3462 5570 3624 5610 recu-

368 5654 451 5710 nis
475 5666 686 5709 nomen.
713 5650 990 5708 Hactenus
1019 5647 1475 5721 Abulpharagius,
1514 5646 1618 5703 cui-
1638 5649 1773 5705 satis
1809 5664 1946 5705 coo-
2048 5657 2276 5714 parasse
2327 5645 2415 5701 die
2462 5644 2743 5712 Mercurii,
2773 5644 2966 5701 Raiebi
3015 5646 3104 5715 l9,
3135 5658 3415 5718 postquam
3467 5646 3519 5701 ia
3560 5662 3625 5703 ea

371 5753 623 5802 sentence
649 5752 839 5801 noster
859 5740 1222 5811 Paobymeres
1273 5739 1445 5813 priori
1482 5748 1629 5796 torno
1656 5755 1706 5797 c.
1742 5738 1800 5808 ι,
1829 5737 1866 5795 l.
1891 5755 1945 5808 v,
2047 5737 2420 5795 substitissent
2464 5737 2659 5796 Franci
2693 5754 2895 5794 annum
2950 5739 3222 5812 integrum
3271 5749 3325 5794 et
3375 5741 3658 5796 undecim-

373 5837 731 5912 legislatorem
760 5833 1159 5901 Tocbsrorum,
1189 5835 1282 5908 qui
1313 5851 1374 5893 se
1403 5836 1508 5908 ipsi
1554 5835 1821 5907 Mugnlios
1849 5849 1944 5891 no-
2049 5838 2288 5890 mens'es.
2350 5831 2446 5888 Vis
2504 5831 2642 5890 alius
2706 5842 2936 5891 eventus
3017 5845 3098 5891 est
3153 5836 3306 5906 cujus
3354 5835 3538 5907 plures
3569 5845 3639 5887 et.

377 5929 811 6002 minsnt,nomon
826 5929 1091 5990 habuisse
1113 5928 1474 5988 Taiscimnis
1494 5931 1719 5999 asserit,
1740 5931 1945 5989 addens
2048 5931 2313 5988 certiores
2357 5947 2388 5988 e
2435 5929 2636 5988 nostris
2667 5939 2928 6002 spectatae
2965 5927 3088 5988 lidei
3136 5929 3492 6000 scriptoribus
3527 5931 3646 5983 hae

2037 3774 2266 3830 vitutem
2292 3773 2566 3830 abductis.

2109 3865 2199 3923 iV.
2237 3867 2391 3926 Anno
2417 3867 2550 3940 Heg.
2579 3867 2715 3932 618,
2746 3868 2968 3926 ineunte
3013 3884 3043 3925 a
3089 3866 3369 3927 Februarii
3396 3868 3470 3926 25
3493 3868 3632 3924 anni-

2038 3959 2244 4017 Cbristi
2276 3961 2432 4028 l22l,
2458 3961 2678 4018 Balkam
2706 3959 3042 4020 Tali-haunt
3086 3970 3146 4022 et
3177 3963 3638 4036 Albamlyanumr

2040 4055 2283 4126 reliquas
2329 4070 2362 4111 ο
2406 4055 2717 4112 Cborasani
2770 4056 3272 4128 ditionepcivitates
3319 4056 3624 4128 opulentis-
