4012 6236
441 351 551 440 853

1318 381 1384 444 P.
1436 378 1743 441 POSSINI
1767 374 2432 439 OBSERVATIONUM
2469 378 2620 443 LlB.
2659 379 2781 442 III.

3591 380 3701 445 861

436 501 662 542 ncamns
700 501 975 550 auctores.
1032 494 1272 553 Joannes
1328 499 1394 552 de
1431 489 1696 558 \‘itria'co.
1755 497 2015 556 Sanutns,
2051 499 2093 552 Α
2125 494 2248 548 talis
2269 496 2433 564 Asiae,
2460 501 2680 554 nomine
2705 498 2896 555 Chatai
2926 499 3328 567 signiﬂrarunt.
3366 497 3527 554 Docet
3561 500 3704 553 enim

435 574 493 631 S.
530 579 860 647 Antoninus,
893 583 1216 651 Nauclerus,
1251 587 1516 653 Blondus,
1548 587 1801 643 lEmilius
1834 597 1888 642 et
1925 586 2016 640 alii

438 682 651 722 summa
698 666 988 730 concordia
1044 690 1353 735 memorant
1401 696 1547 736 anno
1593 681 1794 736 Christi
1854 678 2016 741 1219,

439 759 605 816 Nonis
632 764 971 834 Novembris,
997 784 1116 842 post
1145 789 1355 830 menses
1381 776 1684 832 octodecim
1717 774 2019 831 obsidionis

435 865 648 923 captam
686 857 854 916 fuisse
908 862 1213 922 Damiatam
1247 870 1314 923 ab
1357 869 1602 925 exercitu
1640 885 1802 924 cruce
1835 872 2019 936 signa-

438 954 659 1010 l‘mmI;
719 953 966 1009 eamdem
1035 967 1215 1016 autem
1288 960 1490 1015 sultani
1555 961 1819 1016 redditam
1876 973 2021 1014 anno

439 1036 602 1104 1221,
637 1041 724 1094 die
765 1046 933 1099 natali
967 1047 1028 1102 Β.
1056 1048 1297 1122 Virginis
1334 1052 1514 1108 Maria:
1542 1064 1737 1109 octavo
1771 1055 2020 1122 Septem-

435 1129 570 1183 bris.
621 1131 780 1188 Vides
830 1153 989 1206 quam
1014 1153 1204 1198 exacte
1236 1154 1447 1213 tempus
1475 1149 1710 1202 detentae
1751 1164 1778 1202 a
1813 1147 2021 1209 Latinis

441 1218 697 1280 Damiata:
725 1231 1426 1309 deliniat'Abulpharagius
1453 1255 1597 1302 anno
1626 1258 1733 1296 uno
1762 1255 1811 1298 et
1847 1246 2019 1301 unde-

439 1312 542 1365 cim
573 1321 871 1377 mensibus.
891 1323 1043 1380 Nunc
1064 1330 1446 1399 inquirendum
1472 1351 1538 1390 an
1560 1336 1677 1405 pari
1698 1337 1800 1393 fide
1826 1339 1852 1393 f
1881 1341 2016 1394 riam

439 1418 692 1510 ‘l'titrtam
728 1423 783 1466 et
815 1415 881 1471 19
917 1422 1124 1475 mensis
1156 1422 1346 1480 Raiebi
1374 1428 1513 1481 diem
1554 1430 1640 1484 isti
1683 1434 2018 1489 restitutioni

443 1691 807 1786 anniJuliani
832 1713 956 1755 aera:
986 1701 1188 1759 Christi
1246 1707 1376 1762 1221
1414 1711 1504 1778 qui
1535 1712 1833 1768 vicesimus
1864 1716 2026 1786 quin-

445 1794 530 1837 tus
552 1784 832 1845 Februarii
885 1807 1202 1852 numeratus
1244 1809 1347 1855 est.
1393 1801 1526 1859 Hinc
1578 1815 1723 1871 patet
1753 1784 2034 1864 Kalendas

2127 588 2218 643 hic
2282 588 2719 661 Abulpharagius
2791 591 2956 646 Αίιιιη
3036 591 3187 646 Clum
3251 607 3316 647 ea
3394 601 3709 659 tempestate

2123 679 2366 735 Cathaite
2409 699 2588 753 regem
2627 683 2681 738 in
2738 685 2875 740 urbe
2922 701 3016 739 sua
3067 685 3324 754 primaria
3375 683 3518 738 Nam
3557 684 3710 750 Cinc,

2124 776 2240 830 sive
2283 786 2341 830 ut
2378 779 2539 846 vulgo
2588 778 2677 832 alii
2729 780 2995 845 scrihuot,
3030 779 3328 846 Namquin,
3362 788 3713 848 exspectasse

2122 883 2441 924 successum
2490 870 2808 938 irruptionis
2860 871 3025 940 hujus
3076 872 3398 935 Tartaricaa,
3446 874 3618 926 misso
3646 873 3712 924 ad

2123 962 2385 1016 arcendos
2412 963 2610 1018 ﬁnibus
2639 947 2982 1032 Mogulenses
3011 975 3230 1019 centum
3267 964 3496 1019 millium
3524 964 3714 1018 fortis-

2124 1057 2391 1111 simorum
2477 1059 2706 1113 militum
2761 1060 3029 1116 exercitu.
3092 1060 3198 1114 Sed
3270 1062 3369 1115 has
3435 1060 3624 1124 copias
3681 1074 3710 1111 a

2128 1150 2335 1216 Kaane,
2378 1153 2861 1207 numerosissimae
2900 1169 2997 1222 per
3042 1170 3100 1209 se
3140 1153 3402 1209 ductante
3436 1153 3715 1222 Mognlen-

2124 1241 2264 1296 sium
2320 1242 2583 1315 legiones,
2624 1245 3013 1303 cruentissimo
3063 1245 3232 1299 fuisse
3263 1247 3446 1314 prtelio
3482 1247 3710 1306 deletas,

2123 1335 2230 1388 alia
2289 1335 2448 1404 longe
2504 1349 2772 1405 sperans,
2833 1336 3274 1405 inep-inatissitne
3333 1337 3494 1392 Alton
3558 1337 3712 1392 Chao

2125 1430 2356 1493 audivit,
2389 1433 2518 1485 inde
2547 1431 2683 1485 adeo
2711 1442 3102 1486 conSIernatns
3145 1439 3205 1486 ut
3252 1426 3393 1485 ﬁlios
3420 1443 3475 1484 et
3514 1440 3717 1486 exores

2106 1522 2180 1576 -in
2239 1537 2336 1576 suo
2375 1538 2554 1577 secum
2608 1525 2810 1591 palatio
2846 1524 2999 1593 incen
3026 1527 3169 1587 ierit,
3209 1541 3274 1579 ne
3309 1525 3462 1578 vivus
3505 1524 3560 1578 in
3601 1523 3713 1580 M1.

2127 1613 2429 1686 gulensium
2457 1631 2649 1671 titanus
2677 1617 2886 1672 veniret
2913 1635 2927 1683 ;
2961 1618 3052 1686 qui
3086 1618 3244 1685 paulo
3273 1629 3392 1686 post
3427 1619 3718 1671 venientes

2125 1718 2178 1762 et
2211 1705 2574 1778 Namquinum
2606 1720 2662 1765 et
2692 1721 2920 1766 caeteras
2954 1712 3222 1764 maximas
3268 1709 3512 1766 Cathaize
3545 1711 3716 1765 urbes

2059 1805 2232 1903 8sibi
2263 1805 2628 1874 subjecerunt.
2682 1807 3036 1864 Notissimum
3091 1823 3253 1878 porro
3305 1817 3389 1864 est
3440 1807 3720 1878 Namqui-

444 1875 657 1947 Raiebi,
716 1886 953 1957 septimi,
1020 1899 1076 1942 ut
1128 1895 1457 1960 monuimus,
1493 1898 1728 1951 Arabum
1773 1899 1856 1972 [Ρ.
1889 1875 2100 1975 585}u
2129 1915 2259 1953 num
2294 1915 2488 1954 nomen
2522 1916 2645 1956 esse
2669 1901 2893 1957 alterius
2924 1903 3072 1955 nrhis
3097 1901 3258 1987 regi-ae
3292 1901 3507 1963 imperii
3545 1900 3721 1956 Sina'

446 1979 672 2042 mensis,
733 1980 784 2034 in
842 1979 984 2036 diem
1035 1983 1263 2052 Augusti
1301 1986 1614 2043 vicesimum
1655 1993 1887 2060 primum
1929 1994 2021 2048 illo

445 2086 594 2140 anno.
621 2070 898 2129 incidisse.
933 2074 1008 2128 Ex
1037 2076 1124 2133 die
1154 2079 1295 2149 Aug.
1333 2079 1393 2133 2-1
1434 2082 1477 2135 si
1509 2086 1877 2141 novemdecint
1904 2087 2021 2149 dies

447 2179 720 2230 numeres,
779 2169 1064 2237 pervenies
1117 2173 1184 2229 ad
1241 2184 1489 2229 octavum
1553 2177 1911 2245 Septembris.
1945 2184 2023 2241 De

443 2269 550 2323 quo
586 2257 630 2312 si
665 2259 799 2314 velis
835 2259 980 2318 scire
1010 2273 1172 2332 quota
1207 2263 1337 2319 ferio
1375 2266 1568 2334 fuerit,
1605 2287 1785 2341 quaere
1820 2286 2020 2344 quotus

445 2343 549 2425 isto
575 2365 720 2405 anno
750 2367 1070 2410 muneratus
1099 2356 1263 2412 fuerit
1290 2361 1477 2430 cyclns
1509 2366 1661 2418 solis.
1695 2365 1815 2422 Fuit
1839 2343 2020 2426 annus

441 2438 646 2496 Christi
683 2443 814 2516 i22l
859 2449 1063 2514 periodi
1090 2449 1320 2508 Julianm
1349 2454 1509 2511 5934.
1553 2456 1764 2513 Divisus
1805 2462 1896 2516 hic
1922 2480 2022 2516 llll-

445 2546 627 2626 merus
683 2551 781 2604 per
837 2537 909 2593 28
953 2541 1194 2611 reliquos
1249 2534 1380 2602 facit
1428 2548 1515 2612 26,
1565 2551 1657 2620 qui
1693 2551 1791 2608 fuit
1835 2556 2022 2626 cyclns

442 2624 575 2678 solis
613 2625 779 2695 huius
825 2633 973 2686 anni.
1010 2634 1174 2704 Cyclo
1225 2647 1404 2694 autem
1448 2640 1581 2697 solis
1635 2643 1706 2698 26
1759 2624 2021 2714 competit

443 2715 622 2772 littera
654 2718 1010 2781 Dominicalis
1045 2727 1110 2794 C,
1148 2745 1268 2800 qua:
1316 2748 1436 2786 cum
1487 2734 1541 2789 in
1569 2733 1788 2793 Juliano
1817 2737 2020 2795 Kalen-

443 2808 598 2867 dario
633 2817 961 2886 respondeat
992 2820 1098 2876 diei
1143 2825 1346 2892 quinta:
1393 2828 1752 2898 Septembris,
1784 2835 2025 2889 oetendit

445 2900 591 2957 iilam
636 2920 703 2962 eo
765 2925 908 2966 anno
958 2912 1130 2971 fuisse
1183 2920 1415 2986 primam
1466 2920 1682 2991 feriam,
1717 2941 1781 2980 ac
1814 2945 2021 2984 conse-

446 3009 675 3066 quenter
699 3002 841 3058 diem
881 3018 1129 3064 octavam
1178 3014 1419 3080 ejusdem
1457 3021 1661 3075 mensis
1705 3015 1844 3077 dl'em
1876 3023 2022 3081 Mer-

444 3089 607 3155 curii,
642 3101 699 3146 ut
729 3095 1165 3170 Abulpharagius
1193 3113 1362 3171 nutat,
1392 3106 1507 3162 sive
1532 3105 1718 3165 feriam
1747 3126 2020 3183 quartam,

446 3187 762 3241 necessario
789 3203 911 3245 esse
935 3189 1206 3249 debuisse.

521 3275 587 3333 ν.
620 3280 776 3337 Anno
814 3279 1022 3352 Hcgira:
1049 3283 1175 3348 621,
1234 3287 1388 3358 cujus
1415 3290 1727 3349 Muharram
1759 3295 1960 3366 incepit
1992 3315 2023 3353 a

449 3372 541 3427 die
567 3371 638 3428 22
672 3375 985 3432 Decembris
1018 3381 1144 3434 anni
1197 3381 1398 3438 Christi
1456 3386 1616 3453 1226,
1660 3401 1908 3446 mortuus
1943 3403 2027 3447 est

439 3464 851 3538 ,Gingizchanes
874 3471 1084 3540 primus
1120 3473 1417 3545 imperator
1447 3477 1836 3549 Moguleusium
1873 3484 1960 3538 die
1994 3486 2027 3540 4

456 3560 660 3616 mensis
715 3559 1060 3632 Ramadani,
1111 3567 1236 3623 noni
1292 3571 1483 3625 ordine
1561 3573 1616 3626 in
1672 3575 1837 3646 807
1887 3593 2029 3632 anno

457 3655 713 3728 Arabico.
740 3655 937 3713 Incidit
965 3673 1026 3713 ea
1059 3675 1206 3715 mors
1235 3661 1286 3716 in
1324 3678 1646 3720 autumnum
1676 3667 1798 3722 anni
1826 3669 2028 3726 Christi

456 3747 620 3805 1227.
643 3751 806 3806 Addit
836 3753 1275 3826 Abulpharagius
1306 3758 1604 3827 imperasse
1637 3762 1780 3815 illum
1809 3763 2031 3820 circiter

456 3845 647 3912 viginti
678 3847 917 3916 quinque
971 3849 1168 3916 annis;
1223 3852 1368 3920 quod
1397 3869 1583 3908 verum
1629 3868 1736 3917 est,
1794 3873 1940 3924 cum,
1976 3869 2032 3913 ut

456 3938 732 4006 vidimus,
790 3943 1061 4010 imperare
1116 3945 1344 4014 coeperit
1397 3963 1541 4001 anno
1581 3949 1782 4004 Christi
1850 3951 2031 4017 1202,

459 4031 674 4102 llegirze
702 4032 826 4089 599.
851 4033 1007 4088 Anno
1038 4035 1162 4090 inde
1200 4035 1408 4108 liegirae
1457 4038 1579 4108 626,
1624 4040 1776 4109 ciijns
1817 4043 2034 4100 Mahar—

457 4142 573 4180 ram
609 4127 808 4196 incepit
842 4144 869 4181 a
907 4129 994 4182 die
1019 4129 1087 4183 ⁸50
1114 4128 1436 4187 Novembris
1477 4135 1602 4188 anni
1633 4137 1831 4192 Christi
1871 4138 2029 4204 1228,

456 4221 804 4288 congregatis
839 4221 1077 4282 comitiis
1121 4224 1388 4278 universae
1439 4227 1617 4293 gentis
1659 4226 1938 4297 Mugulicae
1965 4247 2031 4287 ex

460 4320 790 4366 testamento
849 4311 1235 4383 Gingizchanis
1295 4326 1516 4372 creatus
1597 4331 1677 4373 est
1740 4322 2034 4392 imperator

457 4405 617 4474 Ugtai
655 4404 844 4459 tertius
870 4403 987 4472 ejus
1018 4405 1176 4468 filius,
1217 4407 1307 4476 qui
1361 4425 1469 4477 pra:
1502 4411 1761 4466 modestia
1796 4428 1890 4482 per
1917 4417 2035 4472 dies

456 4498 810 4567 quadraginta
847 4513 1124 4560 recusans,
1160 4502 1300 4569 quod
1353 4517 1479 4556 suos
1505 4515 1729 4573 patrnos
1768 4518 1862 4562 aut
1920 4509 2036 4565 fra-

2125 2007 2266 2058 rum,
2301 2007 2460 2061 quam
2511 2003 2624 2048 tum
2663 1994 2834 2052 fuisse
2879 2005 3090 2065 captam
3147 2011 3175 2048 a
3232 1994 3475 2049 'l'artaris
3536 1994 3715 2049 videri

2124 2084 2450 2142 ineredibile
2509 2102 2613 2140 non
2693 2089 2895 2149 dehet.

2107 2161 2354 2232 similem
2380 2179 2737 2250 irruptionem
2769 2178 3105 2236 Tartaricam
3134 2182 3184 2236 in
3219 2181 3453 2237 Sinense
3484 2197 3714 2251 regnum

2123 2271 2419 2340 contigisse
2472 2272 2792 2326 certissimis
2848 2273 3053 2328 nuntiis
3105 2275 3573 2343 cognoverimus;
3612 2289 3716 2341 qua

2123 2364 2286 2417 etiam
2346 2364 2459 2417 haec
2512 2363 2703 2418 eadem
2780 2363 3209 2436 Namquinensis
3283 2366 3481 2422 civitas
3552 2379 3714 2436 capta

2123 2467 2178 2509 et
2228 2467 2435 2511 vastata
2497 2454 2664 2510 fuisse
2718 2455 3109 2511 dissertissime
3165 2458 3420 2520 traditur,
3473 2459 3719 2528 itemque

2124 2550 2294 2604 altera
2331 2549 2660 2619 Pequinum,
2710 2551 2800 2604 ubi
2824 2567 2828 2571 ·
2853 2551 3226 2618 deprehensus
3258 2549 3578 2605 Siuensium
3617 2566 3715 2607 rex

2123 2655 2230 2694 non
2279 2639 2462 2693 minus
2515 2641 2721 2708 tragico
2755 2656 2913 2712 quam
2965 2652 3096 2695 tunc
3150 2642 3311 2695 Altun
3349 2642 3501 2696 Chan
3561 2642 3713 2696 exitu

2126 2731 2556 2800 desperationem
2595 2732 2853 2786 ostendit.
2883 2731 3018 2786 Nam
3050 2747 3118 2787 ne
3148 2733 3442 2788 victoribus
3475 2733 3718 2789 ludibrio

2121 2835 2293 2889 esset,
2349 2824 2518 2879 nubili
2579 2824 2727 2894 prius
2765 2825 2872 2880 lilia
2923 2825 3275 2888 obtruncata,
3331 2843 3456 2883 sese
3501 2829 3622 2896 ipse
3652 2843 3718 2883 ex

2124 2917 2326 2972 arbore
2359 2917 2664 2986 suspendit,
2701 2933 2845 2972 anno
2885 2918 3088 2974 Christi
3126 2918 3286 2984 1644,
3329 2931 3388 2973 ιιι
3426 2919 3627 2990 legitur
3666 2918 3717 2971 in

2961 2104 3084 2144 cum
3144 2087 3489 2143 bac'nostra
3556 2096 3718 2142 aetate

2128 3008 2358 3063 historia
2383 3006 2597 3063 Martini
2633 3008 2870 3064 Martinii
2915 3010 3087 3066 nostri
3133 3011 3291 3066 testis
3334 3025 3471 3079 pene
3515 3013 3718 3066 oculati

2127 3102 2232 3156 hac
2257 3103 2324 3156 de
2357 3116 2414 3156 re
2466 3101 2633 3167 edita,
2665 3117 2788 3172 quae
2856 3111 2907 3156 et
2952 3102 3145 3157 eadem
3177 3119 3240 3156 es
3274 3103 3393 3170 ejus
3422 3119 3521 3158 ore
3571 3115 3627 3160 et
3662 3103 3717 3159 P.

2048 3223 2097 3287 ο
2131 3192 2407 3247 Ilichaelis
2457 3190 2649 3264 Boymi
2682 3192 2813 3247 item
2853 3193 3048 3258 nostri,
3097 3192 3186 3246 hic
3236 3191 3422 3247 Romae
3453 3193 3587 3248 dum
3610 3196 3721 3248 visa

2135 3285 2402 3340 referrent
2453 3285 2784 3341 audivinms.
2823 3285 2928 3340 Sed
2961 3295 3015 3340 et
3063 3283 3347 3340 Catbaiam
3403 3302 3512 3341 non
3576 3285 3721 3341 aliud

2131 3394 2250 3434 esse
2283 3396 2446 3448 quam
2478 3379 2689 3442 Sinam,
2718 3379 2917 3433 missus
2945 3377 3060 3436 Goa
3096 3395 3186 3433 an.
3217 3377 3422 3434 Christi
3463 3377 3626 3446 l603,
3657 3378 3724 3435 16

2131 3469 2374 3526 Januarii
2435 3470 2762 3528 Benedictus
2815 3469 2959 3526 Goez
3007 3483 3193 3528 noster
3251 3473 3319 3525 ad
3382 3473 3484 3530 hoc
3547 3475 3722 3544 ipsum

2130 3563 2747 3634 explorandum,trienni
2772 3565 3208 3635 peregrinatione
3232 3565 3539 3621 clarissime
3558 3566 3727 3638 808

2134 3659 2515 3725 deprehendit,
2561 3659 2613 3712 in
2642 3658 2830 3714 urbem
2867 3657 3116 3713 Sinensis
3152 3660 3302 3728 regni
3340 3656 3582 3713 Sucenm
3624 3662 3724 3714 sub

2137 3749 2297 3805 linem
2354 3751 2483 3804 anni
2541 3751 2745 3806 Christi
2793 3751 2932 3806 1605
2985 3753 3333 3822 perveniens.
3393 3751 3641 3822 Denique
3674 3752 3722 3808 id

2133 3840 2314 3910 ipsum
2344 3842 2547 3897 diserte
2593 3842 3034 3913 Abulpharagius
3065 3843 3198 3898 alibi
3247 3853 3504 3911 testatur,
3531 3860 3725 3916 nempe

2135 3951 2190 4006 p.
2218 3934 2319 3990 35l
2389 3936 2551 4008 hujus
2586 3937 2760 4005 ipsius
2794 3937 2876 3991 sui
2907 3936 3189 3995 Chronici.

2206 4027 2298 4083 Vl.
2344 4029 2440 4086 llic
2488 4037 2684 4085 caetera
2741 4028 2977 4084 breviter
3032 4031 3261 4085 secundi
3321 4031 3722 4104 Mogulensium

2137 4125 2478 4197 imperatoris
2497 4133 2614 4178 acta
2634 4121 2718 4196 [P.
2741 4121 2869 4196 586]
2892 4123 3197 4190 reddemus,
3213 4140 3276 4179 eo
3296 4123 3559 4181 libentius
3579 4124 3716 4196 quod

2135 4238 2254 4292 qua
2290 4225 2478 4276 horum
2530 4219 2776 4289 proxime
2807 4209 3153 4284 occurrunt,
3192 4217 3531 4275 illustranda:
3597 4221 3726 4274 huic

2138 4330 2339 4371 nostrae
2371 4313 2812 4384 Pachymcrianze
2840 4311 3090 4368 llistoria
3140 4329 3248 4367 non
3291 4328 3725 4383 parum-accom-

2139 4416 2354 4466 modata
2402 4406 2900 4473 deprehenduntur.
2947 4403 3250 4460 Reversnm
3287 4418 3318 4460 e
3377 4405 3596 4459 Sinensi
3633 4420 3726 4458 ex-

2139 4506 2411 4574 peditione
2460 4501 2698 4558 Kaanem
2767 4499 3202 4570 Abulpharagius
3252 4508 3516 4553 memorat
3587 4499 3725 4553 Battt

460 4601 569 4645 tres
602 4603 728 4645 natu
766 4593 1000 4659 majores
1021 4592 1390 4661 praeferendos
1421 4596 1524 4652 sibi
1557 4599 1784 4665 diceret,
1819 4606 2034 4660 tandem
2069 4625 2113 4681 ο
2145 4601 2259 4655 sive
2313 4598 2503 4658 Batuo,
2540 4594 2709 4650 Tushi
2759 4592 2939 4648 fratris
2972 4594 3056 4647 sui
3110 4603 3241 4646 natn
3304 4593 3527 4645 maximi
3563 4580 3726 4660 nuper

460 4700 727 4755 consensu
758 4686 955 4754 victus,
992 4687 1059 4742 ab
1095 4685 1326 4742 lltacino
1355 4699 1547 4759 patruo
1579 4702 1631 4746 et
1666 4694 1834 4762 logtai
1869 4697 2036 4753 fratre

462 4780 666 4847 majore
701 4780 953 4835 collocari
987 4796 1045 4834 se
1082 4782 1133 4835 in
1169 4783 1362 4836 throno
1397 4800 1592 4852 passus
1623 4802 1920 4857 cognomen
1969 4795 2036 4846 ab

463 4874 651 4927 iisdem
691 4874 999 4943 impositum
1027 4872 1186 4928 Kaan
1213 4877 1444 4944 accepit.
1480 4878 1632 4932 Anno
1667 4879 1876 4950 Hegiraa
1903 4882 2030 4948 027,

463 4969 616 5036 cujus
661 4967 912 5022 Kalendae
947 4969 1280 5023 Muharrami
1335 4982 1604 5038 occupant
1642 4975 1785 5028 diem
1847 4977 2037 5032 vicesi-

464 5077 609 5114 tnum
657 5059 976 5116 Novembris
1026 5059 1224 5116 Juliani
1278 5077 1422 5115 anno
1467 5079 1587 5119 arra:
1636 5066 1836 5122 Christi
1874 5070 2038 5136 l‘2‘29,

464 5155 868 5224 expeditionem
897 5158 1144 5228 suscepit
1192 5175 1368 5216 novus
1418 5160 1714 5230 imperator
1757 5160 2040 5228 Mogulen-

462 5246 599 5300 sium
632 5243 782 5300 Kaan
819 5246 872 5300 in
910 5261 1090 5316 regem
1123 5246 1399 5304 Cathaiae.
1445 5247 1671 5302 Cathaia
1710 5263 1873 5316 porro
1911 5251 2039 5318 quid

464 5339 651 5405 fuerit,
704 5343 792 5415 qui
846 5357 911 5396 ex
965 5343 1065 5396 hoc
1112 5341 1326 5399 discere
1377 5353 1604 5398 auctore
1638 5341 1831 5396 idoneo
1879 5343 2042 5397 malet

465 5450 628 5503 quam
661 5449 690 5488 e
739 5435 1038 5506 nugacibus
1093 5435 1306 5491 fabellis
1339 5437 1654 5491 institorum
1697 5437 2038 5492 illudentium

463 5530 773 5596 credulitati
825 5529 991 5599 vulgi,
1043 5546 1149 5584 non
1179 5529 1448 5584 dubitabit
1514 5530 1748 5599 amplius
1785 5532 1915 5601 quin
1961 5531 2046 5584 Si-

465 5639 634 5679 nense
669 5639 914 5700 regnum,
950 5624 1110 5684 bodie
1160 5624 1212 5677 in
1260 5624 1472 5694 Europa
1515 5625 1858 5679 notissimum
1889 5624 2044 5678 navi-

464 5712 772 5792 gationibus
804 5711 1215 5778 Lusitanorum,
1279 5715 1330 5767 id
1365 5716 1540 5785 ipsum
1582 5731 1769 5769 revera
1811 5715 1883 5769 sit
1918 5732 2041 5769 cum

463 5823 530 5862 eo
563 5808 706 5879 quod
734 5807 897 5862 Aiton
936 5809 1231 5871 Armenus,
1258 5806 1454 5861 Paulus
1488 5805 1751 5873 Venetus,
1786 5818 1837 5863 et
1868 5808 1909 5862 si
1933 5809 2040 5879 ἰιιιὶ

466 5902 555 5960 alii
588 5901 880 5972 scriptorcs
933 5917 1111 5956 rerum
1169 5900 1440 5974 interioris
1484 5912 1535 5956 et
1576 5904 1808 5959 maxime
1836 5901 2029 5957 Oriec~

2142 4692 2338 4748 mortui
2373 4692 2505 4755 lilio,
2554 4704 2878 4744 numerosas
2922 4698 2975 4742 et
3004 4687 3211 4741 validas
3249 4685 3462 4740 dedisse
3514 4686 3720 4755 copias,

2141 4804 2263 4842 cum
2299 4787 2556 4840 mandato
2589 4784 2989 4854 expeditionem
3029 4780 3359 4850 suscipiendi
3423 4781 3474 4832 in
3523 4789 3726 4834 tractus

2140 4879 2593 4946 septentrionales
2621 4888 2673 4931 et
2707 4875 3029 4944 snhjngandi
3063 4873 3432 4934 Sclavoniam,
3457 4871 3736 4930 Alaniam;

2144 4971 2413 5029 Russiam,
2452 4967 2778 5038 Bulgariam.
2814 4964 2971 5018 Hisce
3023 4966 3408 5032 obtemperans
3464 4961 3727 5016 mandatis

2143 5065 2342 5116 Batnus
2369 5063 2613 5130 ingentes
2642 5061 2948 5113 mortalium
2987 5068 3196 5124 strages
3225 5056 3430 5109 edidit:
3475 5071 3620 5118 nam,
3673 5061 3728 5103 ut

2143 5160 2333 5213 ibi-ait
2380 5157 2832 5224 Ahnlpharagius,
2872 5169 2992 5206 cum
3052 5149 3203 5204 Kaan
3265 5146 3727 5218 proﬁciscentibus

2144 5256 2209 5305 ad
2248 5254 2349 5307 hoc
2384 5249 2580 5306 bellum
2608 5248 2872 5302 militibus
2899 5245 3159 5300 edixisset
3189 5253 3243 5295 ut
3281 5242 3562 5298 hominum
3597 5254 3726 5309 qnos

2143 5346 2370 5416 quisque
2430 5343 2700 5398 occideret
2755 5355 2944 5395 aurern
2995 5338 3295 5402 devteram,
3357 5336 3426 5390 ad
3475 5335 3725 5389 indicium

2149 5438 2382 5503 numeri,
2448 5436 2674 5490 recisam
2716 5449 2746 5486 e
2805 5431 3069 5485 cadavere
3109 5445 3295 5485 secum
3344 5426 3604 5490 auferret,
3640 5422 3724 5492 qui

2148 5532 2302 5586 ferali
2339 5531 2462 5585 huic
2496 5529 2679 5584 censui
2720 5526 2976 5581 habendo
3015 5524 3250 5596 praefecti
3291 5531 3468 5585 erant,
3509 5520 3726 5575 ducenta

2148 5625 2488 5694 septuaginta
2550 5621 2826 5676 hominum
2887 5618 3052 5671 millia
3111 5616 3330 5669 totidem
3373 5613 3724 5667 exhibitarum

2148 5717 2464 5771 dextrarum
2532 5711 2901 5765 auricularum
2972 5716 3294 5779 argumento
3359 5709 3728 5776 compererunt

2153 5810 2270 5864 neci
2323 5807 2518 5862 tradita
2555 5804 2745 5858 luisse.
2822 5801 2989 5857 Addit
3039 5801 3211 5854 Arabs
3248 5797 3627 5868 chronologos,
3675 5803 3729 5844 re

2159 5907 2296 5960 bene
2325 5901 2377 5955 in
2416 5898 2701 5954 Sclavonia
2731 5905 2904 5965 gesta,
2936 5894 3240 5952 decrevisse
3290 5892 3515 5948 Batuum
3547 5879 3753 5945 adoriri-
