4004 6234
341 262 453 327 865
1656 254 2325 332 CHRONOLOGICUS.
3488 273 3607 363 V866

336 376 891 446 Constant'nopoiim,
924 385 974 433 et
1003 392 1070 435 eo
1091 380 1272 435 animo
1299 381 1350 435 in
1380 381 1685 451 Bulgariam
1729 383 1929 437 movis-
1957 392 2003 440 Δ
2036 383 2083 436 vi
2118 394 2395 452 ceperunt.
2420 388 2576 442 Anno
2616 387 2751 461 Heg.
2785 388 2912 456 6‘0,
2941 389 3144 472 Christi
3196 389 3355 479 1242,
3401 407 3432 446 a
3491 393 3609 446 Ka-

336 485 420 523 se.
460 468 573 523 Sed
605 469 710 524 illic
745 470 998 525 habuisse
1030 473 1221 528 obvios
1253 472 1591 532 Francorum
1626 475 1926 547 ηερμιποε
2030 473 2202 530 leudis
2260 474 2410 544 Julii,
2462 478 2820 557 Mognlenses
2873 468 3143 539 sititanem
3232 476 3604 541 Giattodinum

332 546 416 615 est
487 567 654 617 duces
703 562 1017 620 Latinorum
1074 566 1165 636 qui
1208 575 1337 622 tunc
1397 546 1923 640 Constantinopolim
2029 565 2148 620 acie
2179 554 2600 641 vicerunt,ejns
2636 579 2801 628 urbes
2831 573 3080 639 Sivasam
3118 584 3168 628 et
3226 573 3530 629 Caesaream
3554 585 3609 631 et

336 654 621 717 tenebant.
683 656 776 726 qui
809 655 1183 723 frequentibus
1218 660 1418 729 praliis
1452 661 1623 716 victos
1644 660 1923 731 Megalen-

332 762 423 802 ses
466 759 618 818 terga
653 753 783 803 dare
812 761 1093 820 coegerunt
1127 751 1311 821 (verba
1361 753 1925 825 suutAbulpharagii)

331 842 468 894 adeo
527 852 586 895 ut
635 842 700 896 ab
748 843 829 897 his
889 844 1277 899 incursionibus
1347 847 1541 901 reversi
1597 847 1927 919 Megalenses

329 930 483 985 haud
513 932 709 986 iterum
748 932 818 986 ad
860 933 997 989 hunc
1041 951 1204 1003 usque
1236 936 1373 989 diem
1405 932 1711 999 Grecorum
1744 936 1926 995 Fran-

328 1043 589 1080 corttntee
634 1026 871 1096 regiones
914 1029 1152 1098 aggressi
1192 1029 1412 1100 fuerint.
1450 1029 1566 1085 Tali
1620 1032 1931 1089 narratione

328 1103 641 1174 multorum
701 1134 966 1175 annorum
1010 1121 1146 1176 bella
1180 1130 1233 1177 et
1280 1124 1620 1179 incursiones
1653 1125 1708 1180 in
1750 1126 1927 1181 varias

326 1212 549 1283 imperii
594 1212 821 1268 Romani
858 1215 1151 1270 Orientalis
1177 1227 1381 1285 partes,
1420 1219 1634 1275 diverso
1664 1234 1927 1275 successu

326 1317 356 1353 a
414 1302 826 1371 ttlogulensibus
859 1312 1121 1370 tentatas,
1165 1306 1311 1361 innui
1350 1310 1485 1363 satis
1515 1318 1761 1380 apparet;
1788 1315 1930 1367 unde

326 1409 436 1449 non
482 1410 621 1449 vana
664 1396 979 1464 conjecmra
1013 1400 1084 1451 sit
1114 1403 1260 1454 hunc
1283 1402 1790 1456 circummittantem
1819 1402 1931 1459 Ro-

325 1486 507 1542 mauis
547 1490 843 1558 provinciis
897 1490 1259 1546 Tocharicum
1312 1494 1621 1558 tumultum,
1668 1496 1737 1550 ab
1783 1511 1931 1552 anno

322 1582 558 1635 circiter
593 1581 802 1652 Hegirae
830 1584 936 1641 6‘28
966 1586 1032 1639 ad
1064 1585 1190 1650 658,
1227 1586 1329 1642 hoc
1360 1588 1535 1644 estalt
1559 1604 1702 1644 anno
1722 1591 1928 1653 Christi

324 1670 470 1726 1250
515 1672 585 1727 ad
625 1672 785 1739 12.50,
864 1675 1216 1744 inquietasse,
1268 1681 1465 1748 partim
1519 1680 1708 1739 Nicaea
1747 1684 1929 1741 domi-

327 1772 532 1819 nantes
592 1765 795 1821 Gra‘cis
850 1766 1150 1835 Lascarim,
1207 1782 1299 1827 aut
1366 1771 1664 1838 Batatzam,
1722 1778 1917 1847 partim

323 1951 413 2003 uis
440 1974 447 1981 -
470 1951 800 2006 secundum.
833 1949 1051 2010 Fortius
1087 1970 1249 2025 porro
1294 1971 1361 2012 ac
1410 1956 1620 2014 felicius
1655 1961 1921 2017 restitisse

322 2038 602 2097 Tocharis
630 2041 853 2098 Latinos
885 2061 1046 2111 quam
1080 2047 1299 2103 Graecos
1332 2065 1399 2104 eo
1436 2050 1599 2114 bello.
1635 2054 1776 2123 quod
1810 2053 1923 2108 for-

325 2142 378 2188 te
403 2148 602 2202 parum
637 2136 864 2192 candide
899 2137 1266 2209 Pacbymeres
1294 2141 1682 2213 dissimulavit,
1715 2146 1919 2202 diserte

323 2226 417 2282 hic
469 2227 710 2285 afﬁrmat
763 2230 1215 2305 Abuipbaragius.
1268 2233 1347 2290 Ex
1386 2251 1494 2307 quo
1530 2239 1694 2294 etiam
1749 2241 1915 2298 disci-

324 2334 451 2376 mus
482 2321 744 2376 debuisse
785 2323 1005 2379 Graecos
1045 2325 1344 2381 fortitudini
1376 2326 1712 2393 Latinorum,
1745 2332 1915 2390 victo-

328 2414 425 2468 riis
483 2414 538 2467 in
582 2414 826 2479 Bulgaria
865 2417 931 2469 de
988 2417 1393 2488 Mognieusibus
1434 2423 1620 2479 relatis
1654 2426 1916 2495 probatio,

326 2518 610 2559 recessum
650 2504 1019 2584 Tocltarorttm
1072 2510 1141 2563 ab
1168 2512 1410 2579 ipsorum
1448 2512 1683 2582 ﬁnibus;
1714 2534 1742 2571 a
1797 2519 1919 2588 qui-

327 2598 427 2652 bus
465 2599 612 2654 bello
643 2598 920 2657 tentandis
953 2602 1056 2657 nisi
1099 2612 1307 2661 terrore
1343 2603 1660 2665 Latinorum
1692 2612 1916 2668 cohibiti

321 2699 748 2761 temperassent,
782 2704 1044 2764 quantum
1098 2696 1394 2767 profecturi
1419 2701 1618 2767 forent,
1677 2714 1919 2761 conster-

326 2785 476 2840 natio
504 2784 818 2840 Cratcorum
846 2787 915 2841 ad
946 2788 1114 2843 solam
1157 2791 1485 2848 mentionem
1544 2795 1667 2851 belli
1701 2796 1917 2852 Tocbao

329 2877 425 2931 rici
467 2876 617 2946 sazpe
657 2893 721 2933 ac
774 2877 894 2932 fuse
952 2894 981 2933 a
1037 2879 1372 2955 Pachymere
1421 2894 1721 2942 memorata
1780 2890 1915 2947 satis

327 2971 704 3040 augurantlum
758 2972 981 3042 praebet.
1026 2973 1142 3031 Huc
1194 2976 1337 3031 enim
1385 2978 1503 3035 sine
1534 2980 1700 3036 dubio
1752 2984 1919 3053 perti-

325 3072 459 3115 nent
500 3078 627 3132 quze
674 3063 764 3117 ille
810 3065 914 3118 vol.
963 3065 1015 3131 ι,
1049 3082 1100 3135 p.
1143 3069 1276 3134 155,
1348 3083 1535 3127 narrat
1595 3077 1662 3129 de
1711 3086 1986 3162 terrorec

329 3149 719 3217 imperatorum
778 3153 1170 3223 Nicaeensium,
1216 3161 1432 3230 quoties
1488 3180 1672 3220 rumor
1706 3166 1916 3241 Tocha-

327 3254 511 3296 rorunt
551 3246 932 3315 increbuerat;
966 3262 1073 3302 tum
1108 3266 1225 3319 quae
1249 3268 1305 3322 p.
1340 3253 1447 3310 “9
1482 3256 1644 3312 refert
1674 3260 1740 3313 de
1781 3276 1916 3315 con-

325 3337 664 3393 sternatione
694 3340 891 3394 Punica
940 3341 1130 3398 Nicaea
1166 3345 1315 3402 urbis
1360 3347 1427 3402 ad
1477 3361 1653 3405 ortum
1681 3370 1744 3408 ex
1779 3370 1916 3413 vano

329 3439 581 3484 murmur
626 3429 939 3499 irruptionis
971 3433 1138 3505 809
1167 3437 1382 3493 horum.
1428 3437 1687 3497 Videntur
1734 3454 1911 3502 autem

327 3518 534 3587 repulsi
570 3532 714 3576 metu
748 3539 776 3575 a
838 3522 1095 3582 [lcttiattis
1128 3539 1253 3586 tunc
1301 3534 1596 3600 provinciis
1642 3536 1918 3603 Megalen-

326 3624 416 3666 ses
439 3611 756 3669 incubuisse
791 3616 840 3670 in
897 3617 1193 3689 Persidem;
1228 3625 1317 3678 ubi
1352 3641 1581 3683 navasse
1614 3630 1759 3697 ipsos
1782 3647 1914 3704 ope-

326 3714 465 3769 ram,
503 3704 747 3774 Calypha
804 3708 916 3764 illic
973 3710 1286 3768 dominante
1352 3718 1494 3771 victo
1528 3731 1583 3774 et
1630 3736 1909 3791 oppreSso,

278 3804 281 3805 '
328 3805 513 3849 narrat
545 3800 743 3854 ibidem
790 3801 903 3856 fuse
955 3796 1320 3873 Pachymeres
1367 3824 1420 3880 p.
1460 3811 1582 3875 l33,
1614 3814 1914 3885 adiungens

307 3884 427 3941 -bns
458 3887 513 3943 iu
546 3888 765 3946 Perside
788 3893 1167 3964 belligerantes
1211 3896 1491 3956 Tocharos
1516 3902 1674 3973 vulgo
1697 3905 1913 3964 Atarios

330 3982 576 4037 Vocatos.
615 3982 767 4050 Quod
808 4002 1003 4040 nomen
1055 3986 1194 4043 forte
1246 3989 1391 4045 bane
1421 4007 1622 4050 temere
1670 3998 1915 4069 suspit~e~

330 4080 415 4125 tur
446 4076 718 4145 quispiam
756 4093 787 4132 e
810 4079 1028 4134 nomine
1056 4083 1208 4137 ducis
1240 4083 1476 4152 ipsorum
1512 4089 1804 4158 detortum,
1854 4104 1915 4148 ut

328 4166 422 4234 qui
454 4182 515 4223 se
543 4170 642 4238 ipsi
684 4170 964 4229 Baluarioa
999 4190 1026 4227 a
1064 4174 1238 4230 Βαιυο
1268 4178 1529 4247 dicerent,
1562 4184 1703 4251 quod
1754 4186 1915 4256 huius

329 4261 589 4330 auspiciis
633 4262 979 4327 militabant.
1028 4267 1273 4336 p0pulari
1334 4271 1687 4341 corruptione
1746 4290 1911 4331 vexa-

329 4360 503 4407 tarum
587 4355 655 4411 ab
725 4357 859 4426 ipsis
911 4358 1107 4430 lingua:
1156 4362 1381 4419 diversae
1438 4368 1676 4435 gentium
1734 4372 1910 4440 Atorii

328 4448 545 4500 numina
556 4458 755 4503 rentur.
1516 4440 1523 4521 ἦ

396 4536 504 4596 Vll.
542 4540 758 4597 interim
816 4560 935 4615 quae
961 4546 1054 4601 alii
1110 4547 1504 4618 Mognlensium
1557 4553 1721 4610 duces
1777 4557 1904 4612 alibi

329 4642 550 4698 agerent
579 4650 883 4704 exsequens
906 4638 1363 4711 Abulpharagius.
1409 4644 1569 4700 tradit
1604 4662 1747 4703 anno
1801 4650 1909 4705 ilc-

328 4722 607 4799 εἱνωβόὄ,
644 4728 797 4797 cujus
819 4740 905 4787 est
935 4731 1144 4787 initium
1177 4749 1206 4787 a
1239 4734 1326 4790 die
1356 4734 1422 4790 16
1451 4737 1728 4804 Septemb.
1778 4743 1904 4799 anni

328 4813 530 4873 Christi
565 4820 725 4887 1255,
751 4832 964 4891 captam
995 4826 1162 4881 fuisse
1217 4842 1246 4880 a
1312 4828 1715 4899 Moguieusibus
1769 4835 1903 4890 Car-
1953 4857 1958 4862 θ

304 4909 571 4965 emaiisam
604 4915 790 4968 urbem
821 4916 1112 4970 maximam
1172 4918 1223 4971 in
1283 4923 1500 4988 regione
1555 4924 1785 4990 Arbelze,
1850 4936 1905 4981 et

335 5011 479 5057 anno
514 5006 766 5071 sequenti
816 5007 987 5075 ipsam
1054 5008 1310 5063 Arbelam
1362 5021 1482 5079 post
1538 5014 1902 5089 quadraginta

332 5096 535 5151 dierum
567 5099 929 5162 obsidionem.
958 5116 1148 5170 magna
1168 5105 1401 5172 pecunia
1448 5115 1708 5163 laxatam.
1746 5112 1903 5169 Auno

334 5182 540 5256 llegirte
584 5188 707 5255 635,
739 5188 943 5247 Christi
972 5192 1133 5259 ηδτ,
1182 5194 1251 5249 ab
1286 5196 1519 5268 Augusti
1558 5203 1756 5258 mensis
1811 5205 1902 5262 die

332 5275 422 5345 υ,
476 5281 814 5355 Iioguienses
844 5284 899 5338 in
924 5284 1159 5357 Bagdadi
1196 5287 1332 5343 lines
1361 5301 1745 5357 procurrentes
1789 5294 1901 5363 pri-

332 5383 475 5426 mum
506 5376 625 5431 acie
668 5375 792 5431 victi
812 5388 957 5443 sunt,
990 5380 1084 5433 sed
1114 5388 1297 5448 postea
1353 5396 1473 5436 cum
1534 5384 1690 5456 novis
1724 5384 1900 5453 copiis

335 5463 640 5535 redeuntes,
669 5469 736 5523 ad
770 5469 946 5526 locum
992 5467 1346 5526 Canekinium
1384 5461 1897 5547 vocatumn'Bagdzu

336 5553 571 5614 densium
629 5565 928 5617 exercitum
995 5574 1221 5619 cruento
1282 5566 1470 5633 praelia
1524 5568 1899 5639 profligarunt.

338 5642 484 5704 Auno
511 5651 614 5709 659
649 5652 881 5726 Heguaa,
912 5655 1118 5710 Christi
1167 5655 1329 5723 1241,
1390 5671 1419 5710 a
1467 5657 1556 5714 die
1620 5659 1686 5715 l2
1744 5659 1892 5727 Julii,

340 5735 667 5811 ltloguleuses
694 5748 830 5803 duce
867 5745 1201 5819 Jarmaguno
1227 5751 1414 5805 urbem
1440 5751 1617 5807 Arsen
1664 5752 1891 5810 Romam

1955 1734 2004 1794 Β

322 1855 694 1925 imperantem
725 1856 1189 1929 ConstantinOpoii
1237 1864 1557 1920 Bahluinum
1586 1864 1706 1937 ejus
1746 1868 1921 1924 nomi-
1958 1871 1961 1873 ’

2026 654 2374 721 Διειικειηυηι
2393 672 2673 729 ceperunt,
2696 673 2752 719 et
2772 664 2855 721 bis
2868 665 3024 719 malis
3044 664 3127 738 [P.
3152 663 3280 738 εεη
3307 664 3478 721 fracto
3495 667 3608 721 sul-

2034 746 2146 801 tatti
2204 750 2475 805 tributum
2539 754 2935 822 imposuerunt.
2997 758 3155 811 Anno
3225 756 3605 829 ιιεεῑτωθιδ,

2029 837 2235 894 Citriin
2262 840 2423 909 1245,
2451 858 2477 896 a
2516 842 2762 922 Maii|29,
2802 832 3272 904 Kaan'secundus
3314 850 3608 918 imperator

2031 929 2428 1002 Mogulettsium
2474 938 2657 994 vivere
2712 941 2895 1005 desiit,
2935 942 3215 1008 designato
3269 942 3420 1011 prius
3486 957 3609 997 suc-

2030 1038 2251 1081 cessore
2284 1038 2336 1083 et
2388 1031 2656 1086 accersito
2690 1032 2760 1086 ad
2798 1034 2936 1110 hoc,
2970 1036 3097 1087 dum
3130 1037 3307 1089 adhuc
3358 1035 3604 1098 viveret,

2030 1117 2249 1189 Cayuco
2270 1123 2370 1176 suo
2395 1122 2537 1190 lilio;
2573 1125 2662 1194 qui
2694 1127 2746 1179 iu
2779 1126 2973 1183 itinere
3001 1129 3250 1183 nuntium
3279 1130 3486 1197 accepit
3538 1130 3606 1184 de

2032 1212 2202 1281 patris
2250 1226 2447 1270 morte.
2482 1214 2655 1271 Mater
2694 1218 2922 1290 Cayuci,
2974 1221 3117 1279 dicta
3144 1219 3189 1279 Τ
3192 1222 3435 1288 uracina,
3487 1237 3607 1293 quas

2031 1304 2261 1367 Chatun.
2295 1306 2397 1362 hoc
2426 1318 2511 1362 est
2537 1311 2754 1365 domina
2773 1312 2888 1367 sive
2916 1328 3051 1367 uxor
3085 1313 3363 1382 primaria,
3401 1314 3607 1371 Kaanis

2032 1396 2231 1466 fuerat,
2263 1402 2549 1471 imperium
2582 1405 3006 1471 administravit,
3032 1408 3205 1463 donec
3231 1408 3449 1464 comitia
3473 1425 3598 1480 gen-

2031 1492 2100 1543 tis
2145 1493 2413 1548 universa:
2446 1497 3006 1553 convenirent.'Anno
3038 1499 3171 1568 lleg.
3215 1499 3342 1565 644,
3399 1499 3604 1557 Christi

2034 1580 2195 1646 1216,
2222 1600 2249 1635 a
2287 1583 2407 1637 Maii
2453 1576 2540 1648 l9,
2574 1585 2881 1641 celebratus
2913 1597 2994 1642 est
3031 1603 3255 1659 magnus
3304 1597 3604 1645 contentus

2035 1672 2338 1747 principum
2366 1684 2418 1731 et
2450 1678 2646 1732 ducum
2692 1679 3102 1751 .blogulensium
3145 1693 3376 1754 tempore
3422 1699 3600 1747 verno,

2031 1766 2108 1821 ait
2132 1765 2712 1838 Abulpharagiuthoc
2732 1782 2837 1838 est,
2870 1778 2925 1828 ut
2952 1776 3171 1845 opinor,
3195 1776 3598 1846 ,mense'Aprili

2026 1859 2155 1914 anni
2178 1857 2385 1916 Christi
2417 1862 2577 1929 1247,
2604 1865 2782 1920 adhuc
2804 1880 3059 1923 currente
3094 1868 3199 1923 6M
3218 1868 3445 1940 Hegirat.
3501 1868 3602 1923 llis

2024 1951 2261 2006 comitiis
2284 1948 2533 2024 Cayttctts
2554 1955 2783 2012 filiorum
2814 1956 3018 2015 Kaanis
3035 1969 3166 2014 natu
3182 1960 3471 2027 maximus,
3494 1977 3618 2015 non-

2026 2044 2141 2098 sola
2171 2046 2347 2117 aetatis
2374 2050 2732 2118 praerogativa
2766 2061 2859 2105 aut
2905 2053 3074 2122 patris
3130 2054 3359 2124 judicio,
3393 2061 3487 2110 sed
3547 2066 3603 2110 et

2026 2124 2399 2206 praestantium
2427 2139 2686 2198 virtutum
2724 2159 2788 2199 ac
2824 2144 3029 2201 dotium
3097 2146 3291 2202 merito
3340 2147 3599 2216 praelatus
3650 2149 3655 2153 ’

2027 2228 2247 2284 Cubaun
2268 2239 2324 2287 et
2357 2230 2653 2290 Siratnuno
2678 2237 2985 2293 minoribus
3020 2239 3305 2312 fratribus,
3365 2243 3603 2313 impera-

2027 2332 2113 2375 tor
2137 2321 2483 2393 declaratur;
2518 2326 2816 2399 titulusque
2871 2332 2971 2401 ipsi
3004 2324 3219 2389 additus
3262 2344 3345 2390 est
3385 2334 3604 2407 Cayuc-

2014 2413 2249 2472 Chattis.
2288 2417 2566 2474 Hic'duos
2586 2423 2886 2489 praecipuos
2918 2424 3198 2481 ministros
3251 2426 3603 2487 Christianos

2025 2510 2229 2576 habuit,
2259 2527 2487 2580 quorum
2519 2516 2671 2569 alteri
2705 2514 2951 2582 Kadako,
2982 2520 3140 2574 alteri
3170 2518 3364 2575 Ginka‘i
3395 2524 3592 2578 nomen

2026 2600 2157 2668 fuit;
2192 2618 2423 2671 quorum
2459 2604 2647 2661 favore
2680 2608 2919 2685 episcopi
2945 2618 3000 2664 et
3037 2612 3287 2667 monachi
3321 2628 3352 2668 a
3380 2612 3598 2686 Cayuc-

2023 2694 2207 2749 Cbaue
2235 2704 2407 2752 matre
2435 2695 2607 2768 ipsius
2642 2699 3012 2770 universaque
3057 2704 3205 2775 regia
3230 2704 3435 2759 familia
3494 2706 3601 2761 im-

2024 2803 2191 2859 pense
2222 2790 2654 2849 honorabantur.
2686 2790 2842 2850 Unde
2877 2797 3111 2868 contigit
3138 2798 3274 2854 adeo
3332 2798 3443 2856 illic
3477 2815 3601 2857 πρ

2025 2896 2183 2937 scere
2208 2883 2576 2940 Christianam
2613 2888 2962 2958 religionem,
2997 2899 3259 2959 quantum
3285 2893 3369 2947 bis
3418 2897 3600 2950 verbis

2027 2975 2461 3043 Abulplturagius
2492 2982 2753 3047 ostendit,
2805 2980 3140 3055 Factumque
3183 2997 3285 3052 est,
3312 2987 3596 3057 inquiram,

2024 3070 2302 3138 imperium
2330 3069 2716 3140 Christianum,
2751 3083 2801 3129 et
2828 3078 3006 3147 magni
3035 3077 3232 3133 habita:
3248 3091 3374 3133 sunt
3420 3093 3599 3151 gentes

2017 3177 2136 3232 quae
2162 3162 2283 3216 huic
2322 3155 2565 3232 religioni
2590 3182 2776 3221 nomen
2804 3167 3091 3231 dederunt,
3112 3187 3140 3224 e
3172 3166 3421 3237 Francis,
3463 3174 3602 3229 Rus-

2017 3253 2112 3315 sis,
2142 3252 2295 3323 Syris
2319 3262 2371 3309 et
2402 3253 2671 3313 Armenia.
2700 3259 2775 3311 Ac
2798 3275 2857 3313 eo
2885 3259 3086 3314 redacti
3112 3274 3233 3317 sunt
3266 3276 3377 3319 tam
3407 3266 3598 3320 melio-

2019 3342 2092 3393 ris
2134 3353 2273 3395 noue
2307 3358 2477 3413 quam
2498 3360 2527 3398 e
2554 3344 2701 3415 plebe
2732 3343 3063 3418 Megalenses
3095 3354 3293 3425 aliique
3325 3358 3392 3410 iis
3431 3357 3600 3429 810

2014 3436 2272 3502 permitti.
2309 3446 2366 3491 ut
2401 3437 2540 3493 inter
2569 3439 2918 3497 salutandum
2954 3445 3195 3500 dicerent
3244 3447 3596 3515 Barccbmor,

2015 3527 2152 3597 quod
2174 3528 2386 3583 verbum
2406 3538 2483 3584 est
2499 3535 2843 3601 compositum
2874 3536 3181 3607 Syriacum,
3203 3557 3400 3595 sonans
3426 3541 3597 3599 Bene-

2016 3614 2124 3699 dic,
2162 3620 2410 3679 Domine.
2432 3623 2515 3679 Ad
2553 3624 2714 3693 huius
2740 3643 2839 3697 ego
2869 3628 3197 3702 Moguleusis
3252 3634 3595 3704 imperatoris

2014 3696 2437 3785 Cayuc-Cbanis
2457 3726 2701 3788 tempora
2732 3696 3079 3779 referendum
3149 3736 3282 3796 puto
3310 3696 3450 3799 quod
3493 3730 3597 3785 Pa-

1963 3853 1967 3856 .
2014 3806 2299 3876 rbymcres
2319 3822 2527 3875 narrat,
2576 3822 2727 3869 tomo
2756 3816 2939 3885 priore
2998 3833 3047 3874 c.
3081 3819 3115 3874 3
3171 3831 3226 3876 et
3256 3823 3314 3886 4,
3360 3822 3399 3878 l.
3432 3838 3481 3889 ν,
3513 3823 3596 3880 'de

2011 3896 2160 3971 Noga
2205 3917 2314 3957 uno
2351 3917 2384 3959 e
2410 3903 2636 3960 ducibus
2669 3910 2942 3966 exercitus
2976 3926 3135 3982 quem
3190 3928 3218 3967 a
3279 3915 3469 3972 Kaane
3508 3934 3595 3974 se-

2014 3992 2192 4048 cundo
2220 3987 2551 4065 imperatore
2581 3998 2971 4069 Muguleusium
3008 4005 3229 4061 missum
3261 4008 3503 4066 diximus
3537 4012 3590 4068 in

2012 4085 2466 4153 septentrionales
2496 4098 2705 4147 tractus
2744 4094 2810 4148 ad
2837 4110 2929 4150 eos
2960 4096 3349 4169 subjugandos,
3383 4119 3593 4175 praepo-

2013 4177 2119 4232 sito
2164 4182 2377 4234 cunctis
2400 4180 2571 4237 Batuo
2598 4183 2782 4242 fratris
2813 4189 2894 4243 sui
2927 4188 3056 4256 filio,
3081 4193 3340 4261 aquibus
3372 4194 3591 4255 Sciavo-

2016 4273 2157 4325 niam
2181 4281 2237 4326 et.
2260 4271 2509 4349 Bussiam
2546 4274 2711 4332 fuisse
2739 4291 3034 4351 occupatas
3059 4287 3307 4355 superius
3344 4306 3399 4344 n.
3428 4290 3460 4344 6
3491 4291 3593 4347 hu-

2010 4361 2097 4432 jus
2116 4364 2313 4435 capitis
2327 4380 2392 4422 ex
2421 4365 2820 4442 Abulpbaragio
2850 4372 3227 4432 indicavimus.
3247 4371 3362 4435 Sed"
3393 4382 3596 4452 impro-

1943 4468 1986 4523 ι)
2015 4468 2172 4523 spere
2211 4472 2239 4510 a
2300 4457 2706 4529 Mugttiensibus
2758 4476 2964 4523 tentato
2989 4469 3593 4550 Constantinopolitano

2011 4549 2241 4618 imperio
2280 4563 2503 4621 propter
2533 4570 2688 4611 acres
2718 4557 2771 4611 in
2819 4558 2964 4630 ipsos
3010 4562 3246 4633 impetus
3305 4568 3589 4625 victorias-

2010 4659 2115 4712 que
2144 4644 2461 4704 Latinorum
2492 4647 2735 4720 Byzantii
2766 4652 3186 4721 dominantium.
3225 4659 3430 4719 Batuus
3479 4682 3587 4723 non

2010 4741 2078 4797 ab
2100 4742 2168 4797 iis
2194 4744 2369 4800 solum
2400 4786 2416 4812 ,
2445 4749 2541 4802 sed
2579 4764 2606 4801 a
2633 4750 2834 4808 Graecis
2890 4752 3222 4825 lacessendis
3279 4762 3588 4830 abstinens,

2006 4848 2128 4889 eum
2158 4838 2428 4908 praecipua
2448 4843 2909 4913 partecopiarum
2940 4848 3156 4904 videtur
3208 4852 3261 4907 in
3310 4852 3586 4912 Persidem

2005 4926 2265 4993 primum,
2312 4930 2505 4985 deinde
2532 4935 2600 4988 ad
2622 4949 2748 4989 suos
2798 4937 2850 4991 in
2888 4938 3126 4997 Orientis
3177 4945 3436 5002 interiora
3491 4964 3580 5004 re-

2002 5018 2252 5085 cessisse,
2273 5022 2518 5091 proxime
2545 5025 2611 5078 ad
2641 5024 3048 5096 CayuceChanis
3073 5034 3154 5085 sui
3182 5035 3465 5103 propinqui
3488 5051 3583 5091 co-

2004 5108 2278 5176 mitatum,
2305 5112 2493 5167 relicto
2522 5114 2572 5169 iu
2603 5112 2885 5175 Sclavonia
2910 5130 2965 5177 et
3005 5120 3231 5191 Russia,
3281 5129 3371 5194 qui
3428 5139 3581 5198 parta

2004 5200 2114 5256 illic
2134 5212 2403 5270 tueretur,
2440 5205 2610 5276 Noga.
2647 5208 2747 5265 llic
2772 5222 2975 5279 autem,
3002 5223 3063 5270 ut
3094 5215 3258 5272 refert
3288 5217 3582 5291 Pacbyme-

2006 5306 2115 5357 rcs,
2144 5305 2288 5360 cum,
2316 5294 2491 5351 auctis
2522 5312 2588 5352 ex
2616 5298 2993 5370 indigenarum
3014 5303 3296 5373 iuventute
3339 5310 3391 5367 in
3447 5326 3584 5367 suos

2003 5395 2180 5439 mores
2209 5384 2452 5440 traducta
2477 5388 2667 5458 copiis,
2690 5392 2822 5447 satis
2849 5407 2909 5448 se
2938 5394 3259 5454 instructum
3278 5411 3491 5469 putaret
3513 5404 3582 5461 ad

2002 5474 2367 5535 defendendas
2389 5481 2504 5537 suis
2527 5484 2789 5554 auspiciis
2811 5487 3009 5544 uberes
3033 5504 3131 5545 eas
3160 5488 3474 5567 ferulisque
3494 5511 3581 5551 re-

1998 5569 2210 5639 gioncs,
2239 5586 2304 5626 ex
2338 5574 2591 5643 prerfetcto
2621 5594 2681 5633 se
2708 5580 3014 5651 principem
3052 5574 3369 5655 supremum
3398 5588 3581 5643 decla-

2000 5663 2159 5730 ravit,
2192 5664 2498 5723 obedientia
2537 5670 2791 5744 deinccps
2824 5675 3230 5747 Mogulensibus
3280 5680 3578 5748 imperato-

2000 5757 2150 5813 ribus
2175 5768 2387 5830 negata.
2423 5761 2595 5831 Quam
2618 5769 3018 5827 contumaciam
3041 5771 3133 5827 diu
3170 5772 3390 5844 impune
3429 5775 3571 5843 tulit,
