4004 6234
410 278 517 349 811
621 340 629 345 .
788 320 791 325 -
1359 283 1429 343 ι).
1464 277 1762 341 ΡΟΞιἹΝΙ
1793 276 1980 366 OBSE

2081 266 2450 338 'ATIONUM
2492 273 2639 337 LIB.
2687 269 2810 332 III.
3541 269 3643 337 872

411 410 576 465 quam
601 391 814 462 accepit
837 390 1142 447 ministerio
1168 391 1342 460 patria
1354 394 1503 447 rchse
1525 389 1744 445 Arsenii
1773 428 1792 455 ,
1822 396 1985 459 prout
2010 405 2056 450 Α
2087 402 2278 441 manus
2310 395 2442 439 nato
2465 382 2673 438 factum
2699 378 3013 450 Ethiopum
3068 375 3335 433 sultancm
3385 378 3646 450 expulisse

417 496 676 541 narratur
705 484 906 539 ibidem
952 498 1006 539 c.
1036 484 1106 554 2,;
1131 486 1575 541 demonstramus
1606 493 1787 537 autem
1812 521 1828 548 ,
1855 481 1890 534 l.
1924 494 1984 534 ιιι
2091 476 2246 550 Syria
2272 475 2497 531 Latinos
2530 473 2874 531 Christianos
2913 470 3033 535 ait,
3090 469 3136 523 is
3164 467 3284 524 sine
3345 471 3509 525 dubio
3554 471 3649 526 fuit

413 574 877 631 Observationum
904 585 1215 638 nostrarum
1249 573 1316 629 ad
1363 589 1488 630 emn
1540 583 1744 629 tomum
1777 587 1829 628 c.
1875 571 1987 626 aet

412 647 531 737 16,
580 682 719 725 eam
755 668 1167 723 coronationem
1232 664 1561 722 celebratam
1622 664 1791 722 fuisse
1841 678 1985 718 anno

410 760 617 817 Christi
648 749 809 826 l26l,
831 759 937 815 hoc
954 768 1038 815 est
1062 758 1160 814 illo
1192 758 1311 828 ipso
1344 759 1395 812 in
1430 772 1714 827 quonunc
1739 764 1986 811 versatur

409 851 863 922 Abulpharagius,
899 865 1025 905 eum
1060 864 1353 906 numerans
1388 849 1600 920 Hcgira:
1635 847 1759 904 659.
1785 847 1987 903 Scribit

416 944 587 1014 igitur
614 945 737 998 loco
765 942 931 998 modo
985 942 1224 1013 indicato
1288 942 1650 1013 Pachymeres
1688 941 1985 997 sollicitum

411 1033 732 1089 Michaelem
759 1032 827 1089 de
856 1033 960 1089 sibi
990 1033 1324 1095 stabilienda
1354 1048 1544 1090 recens
1565 1044 1722 1103 parto
1737 1032 1983 1103 imperio,

411 1142 551 1198 quos
582 1114 822 1182 maxime
846 1135 1092 1198 potentes
1135 1108 1284 1182 circa
1334 1142 1395 1182 se
1426 1128 1704 1197 principes
1725 1127 1939 1181 videbat
1965 1164 1985 1192 ,

411 1222 516 1279 sibi
548 1220 844 1297 conciliare
877 1222 1169 1278 studuisse.
1218 1221 1299 1277 Ac
1339 1221 1501 1278 facile
1534 1222 1800 1276 videntem
1848 1220 1989 1275 emi-

316 1318 319 1321 λ
413 1324 549 1367 nere
578 1322 708 1367 tunc
731 1313 927 1381 opibus
970 1311 1112 1366 inter
1153 1312 1417 1367 ﬁnitimos
1467 1313 1727 1384 dynastas
1776 1312 1981 1369 Cbalau

414 1403 714 1472 principem
740 1402 1114 1456 Tocharorum
1137 1441 1154 1467 ,
1179 1404 1283 1458 hoc
1310 1413 1397 1459 est
1421 1405 1659 1470 Hulocu,
1684 1404 1840 1476 cujus
1862 1418 1983 1459 cre-

413 1496 515 1551 bro
538 1495 781 1548 u‘teminit
807 1494 1329 1564 Abulpharagius,et
1350 1494 1619 1555 sultanem
1640 1494 1981 1565 .IEtltiopum,

302 1610 305 1613 ν
413 1585 700 1655 utriusque
753 1588 984 1655 gratiam
1020 1586 1231 1641 ambire
1277 1585 1985 1658 oliiciislegationibusque

415 1677 720 1733 ati'ectasse.
758 1667 832 1732 Ea
853 1680 1143 1733 occasione
1179 1680 1243 1732 de
1268 1680 1481 1734 suitane
1506 1678 1824 1751 Ethiopum
1873 1696 1986 1733 me-

417 1871 504 1919 est
543 1878 709 1934 prope
747 1864 981 1918 Pontum
1029 1862 1338 1933 Euxinum;
1374 1867 1502 1922 hinc
1550 1868 1681 1922 olim
1711 1868 1985 1923 venditum

415 1956 469 2009 in
500 1956 819 2012 servitutem
851 1955 1114 2026 zEgyptio
1142 1958 1403 2025 domino,
1434 1960 1676 2015 suaillic
1719 1960 1986 2018 industria

412 2046 639 2105 serviles
660 2058 883 2105 catenas
935 2050 987 2103 in
1038 2051 1245 2120 regium
1295 2051 1542 2106 diadema
1593 2064 1984 2111 commutasse.

414 2139 679 2195 Eumdem
727 2140 878 2195 addit
903 2142 956 2195 in
994 2142 1186 2217 primis
1231 2143 1556 2213 prudentem
1604 2146 1890 2211 habitum;
1930 2158 1986 2207 et

305 2297 309 2301 ἢ
410 2231 633 2301 quodin
663 2228 901 2302 Egypto
924 2244 1083 2289 natos
1133 2248 1325 2304 parum
1360 2236 1570 2292 habiles
1600 2237 1810 2295 bellicis
1835 2240 1988 2296 labu-

413 2330 571 2381 ribus
619 2329 876 2394 videret,
905 2328 1106 2383 emisse
1159 2344 1360 2399 pueros
1423 2346 1617 2399 magno
1672 2348 1908 2389 numero.
1954 2350 1989 2391 e

416 2421 639 2493 Scythia
664 2430 724 2477 et
771 2419 894 2476 aliis
939 2421 1250 2492 regionibus
1280 2430 1432 2478 trans
1484 2421 1717 2480 Pontum
1747 2454 1766 2493 ,
1788 2429 1987 2496 quibus

407 2512 551 2582 apud
597 2526 665 2581 se
715 2512 937 2569 nutritis
994 2511 1228 2570 fortibus
1291 2515 1485 2571 deinde
1528 2517 1807 2579 militibus
1868 2531 1988 2575 ute-

410 2605 613 2670 batur,
672 2604 1022 2672 permittente
1080 2605 1133 2659 id
1188 2609 1621 2675 commercium,
1658 2625 1854 2679 magno
1908 2612 1986 2667 rei

411 2697 746 2752 Christianas
828 2697 1205 2766 detrimento,
1275 2700 1604 2770 imperatore
1670 2702 1983 2761 Michaele:

414 2789 539 2843 hinc
575 2789 720 2842 enim
743 2798 964 2855 auctum
988 2777 1184 2853 opibus
1211 2790 1433 2863 Aigypti
1461 2793 1735 2850 sultanem
1763 2795 1987 2855 Latinos

410 2879 1123 2952 Palwstinamoccnpantes
1176 2883 1324 2939 illinc
1362 2887 1653 2955 expulisse.
1706 2886 1833 2945 Haec
1885 2889 1987 2945 Pa-

410 2972 755 3044 cbymeres;
832 2990 954 3045 quae
1024 2978 1258 3033 multum
1297 2979 1642 3037 illustrantur
1701 2999 1985 3054 compara-

2012 1732 2060 1793 Β

417 1782 597 1825 morat
628 1812 643 1837 ,
686 1771 857 1825 fuisse
890 1772 1037 1826 illum
1077 1787 1276 1844 genere
1323 1772 1645 1837 Cumanum,
1673 1789 1794 1844 quin
1838 1775 1985 1846 regio
2012 1771 2035 1816 "-

2087 586 2251 640 quem
2279 570 2456 641 patrio
2482 566 2748 622 vocabulo
2792 563 3017 619 Baibars
3058 564 3261 618 dictum
3290 603 3316 627 ,
3344 562 3547 619 domini
3565 564 3649 620 cui

2086 667 2353 724 servierat
2378 667 2599 721 nomine
2645 661 3062 718 Bundokdarem
3095 661 3462 731 nuncupatum
3490 662 3651 717 Abul-

2088 744 2379 830 pharagius
2407 758 2584 811 docet.
3350 762 3355 765 '

2078 896 2084 901 .
2157 846 2271 904 XII;
2304 845 2634 903 Beleramus
2660 860 2763 901 nos
2784 843 2897 914 jam
2938 842 3006 899 ad
3034 859 3123 899 res
3150 842 3492 901 intermissas
3537 841 3657 898 Hu-

2085 942 2207 997 lacu
2240 940 2358 997 sive
2398 938 2619 1007 Chalcis
2648 948 2703 1005 et
2737 937 3105 1007 subjertorttm
3134 936 3236 1006 ipsi
3265 935 3651 1007 ﬁngulensium

2087 1049 2210 1090 cum
2244 1033 2498 1101 deinceps
2539 1032 2775 1085 narratis
2816 1045 2845 1084 a
2888 1028 3227 1100 Pachymere
3268 1028 3475 1083 utiliter
3507 1043 3654 1082 com-

2089 1126 2385 1199 parandas.
2420 1124 2612 1181 Tradit
2658 1122 3091 1191 Abulpharagius
3125 1123 3318 1176 eodem
3359 1121 3461 1176 hoc
3495 1120 3656 1175 modo

2084 1222 2326 1277 indicato
2369 1235 2511 1277 anno
2559 1218 2770 1289 llegira
2800 1217 2925 1279 659,
2951 1215 3110 1287 cujus
3151 1214 3255 1269 fuit
3292 1214 3505 1270 initium
3541 1214 3657 1269 dies

2086 1323 2277 1367 sextus
2341 1310 2657 1369 Decembris
2703 1310 2830 1363 anni
2860 1308 3064 1363 Christi
3110 1306 3271 1372 1260,
3327 1306 3551 1378 missum
3602 1306 3654 1359 iu

2086 1403 2298 1472 Syriam
2352 1404 2419 1458 ab
2472 1402 2677 1457 Hulacu
2720 1399 3115 1472 Mogulensium
3161 1397 3492 1463 exercitum,
3521 1398 3658 1451 duce

2091 1498 2365 1566 Samdagu
2420 1494 2747 1552 Christianis
2798 1494 3038 1559 favente,
3090 1491 3375 1546 obsidione
3422 1489 3702 1544 cinxisse‘

2085 1587 2388 1645 Mauselant
2432 1588 2624 1643 urbem
2677 1584 2890 1643 incluso
2939 1585 2994 1640 in
3044 1598 3120 1639 ea
3152 1585 3217 1637 Al
3260 1583 3461 1639 Saleho
3487 1581 3659 1653 Syria:

2087 1681 2356 1750 principe,
2402 1688 2456 1734 et
2492 1679 2666 1748 copiis
2712 1694 2743 1734 e
2771 1676 2941 1751 Syria
2986 1676 3226 1732 obsessis
3256 1674 3537 1744 suppetias
3573 1688 3662 1728 ve-

2088 1773 2361 1828 nientibus
2405 1786 2500 1841 per
2556 1772 2713 1841 longe
2764 1769 2869 1824 illis
2910 1779 3261 1824 occurrentes
3323 1767 3660 1835 Mogulensea

2090 1866 2479 1921 circumventis
2506 1874 2561 1919 et
2584 1863 2870 1919 occidione
2894 1862 3082 1917 deletis
3104 1859 3395 1916 Mauselam
3424 1860 3659 1928 cepisse,

2088 1957 2338 2029 plurimis
2386 1960 2440 2012 in
2491 1958 2826 2027 earepertis
2864 1957 3083 2018 occisis,
3114 1954 3235 2013 aliis
3267 1956 3533 2010 servitum
3567 1954 3660 2008 ab-
3700 1992 3705 1996 ς

2088 2052 2287 2116 ductis,
2352 2052 2469 2121 ipso
2514 2053 2757 2122 principe
2813 2050 2877 2105 Al
2922 2050 3123 2107 Saleho
3171 2051 3237 2104 ad
3294 2048 3504 2105 llnlactt
3543 2063 3664 2119 per.

2089 2151 2265 2198 tracto
2316 2144 2585 2215 hujusque
2622 2143 2776 2213 jussu
2833 2142 3144 2199 interfecto.
3183 2141 3273 2196 lla:
3316 2151 3483 2195 tantae
3513 2139 3661 2196 Cha-

2088 2232 2458 2289 iamvictoria
2490 2242 2781 2303 moverunt
2816 2232 3140 2289 llichaeletn
3168 2232 3532 2303 Psltenlogum
3555 2233 3663 2286 Au-

2087 2338 2303 2402 gustum
2332 2328 2399 2382 ad
2446 2330 2592 2384 omni
2639 2343 2743 2398 ope
2788 2332 3139 2401 satagentlum
3188 2327 3242 2382 in
3284 2327 3526 2396 paranda
3559 2326 3659 2381 sibi

2087 2419 2467 2478 benevolentia
2517 2431 2626 2475 tam
2671 2425 2908 2491 potentis
2958 2432 3010 2476 et
3066 2436 3203 2490 pene
3258 2419 3472 2475 ﬁnitimi
3514 2419 3664 2489 prin-

2087 2514 2253 2585 cipis.
2310 2512 2497 2583 Igitur,
2572 2516 2718 2585 quod
2788 2514 2975 2579 narrat
3042 2514 3411 2585 Pachymeres
3468 2514 3502 2569 Ι.
3576 2529 3661 2580 ιιι,

2086 2620 2138 2662 c.
2206 2605 2444 2678 3partis
2498 2607 2715 2677 prioris,
2776 2606 2981 2677 legatos
3051 2605 3118 2661 ad
3166 2622 3289 2662 eum
3344 2607 3513 2673 misit,
3571 2610 3661 2677 qui

2087 2703 2268 2775 ipsum
2294 2717 2415 2759 a'se
2444 2704 2753 2759 salutarent
2779 2714 2833 2759 et
2867 2704 2984 2775 ejus
3019 2703 3316 2759 amicitiam
3351 2712 3661 2774 poscerent,

2084 2795 2265 2851 oblata
2305 2795 2357 2849 in
2398 2809 2656 2865 sponsam
2709 2797 2925 2867 propria
2956 2797 3070 2851 tilia
3099 2797 3287 2861 liaria.
3320 2796 3530 2854 indicat
3564 2794 3667 2852 Pa.

2086 2886 2370 2953 chymeres
2416 2886 2631 2941 venisse
2664 2901 2695 2942 a
2723 2885 2929 2942 Chalau
2960 2887 3027 2942 ad
3068 2886 3383 2943 Michaelem
3420 2896 3663 2942 mutuam

2086 2976 2431 3046 legationem,
2466 2992 2574 3047 qna
2606 2976 2654 3032 is
2684 2979 3020 3045 signiﬁcaret
3055 2978 3272 3049 placere
3320 2978 3423 3034 sibi
3470 2978 3667 3032 condi-

408 3071 567 3125 tione
598 3084 719 3123 cum
750 3068 821 3124 iis
851 3085 971 3141 qua:
1000 3073 1432 3144 Abnlpbaragins
1480 3078 1581 3131 hoc
1630 3077 1750 3134 loco
1770 3080 1983 3136 scribit.
2010 3081 2054 3140 c
2087 3069 2288 3123 tionem
2328 3068 2589 3125 oblatam.
2634 3069 2780 3125 Idem
2822 3086 2949 3127 vero
2984 3071 3296 3127 distinctius
3338 3087 3659 3143 expressum

406 3162 499 3216 Ait
519 3161 687 3226 enim,
728 3170 1010 3231 postquam
1041 3164 1281 3223 Kutnztts
1310 3166 1721 3226 Turcomanttus
1758 3169 1981 3244 Egypti

407 3253 659 3307 dominus
674 3253 840 3324 815
857 3254 1154 3328 Cetbugam
1180 3256 1575 3329 Mogulensimn
1594 3264 1646 3316 in
1669 3262 1828 3335 Syria
1845 3279 1984 3334 prm-

408 3346 612 3402 lectutn
633 3347 752 3417 acie
796 3349 993 3405 victum
1018 3349 1474 3424 occidisset,quod
1497 3360 1573 3411 ait
1591 3362 1879 3433 contigisse
1897 3362 1984 3420 die

404 3438 479 3493 27
508 3439 709 3494 mensis
744 3437 1049 3497 Ramadani
1096 3441 1195 3514 [P.
1228 3444 1325 3501 591
1357 3442 1390 3518 Ι
1412 3460 1554 3503 anno
1588 3447 1796 3521 llegirte
1825 3452 1931 3510 658
1962 3495 1983 3521 ,

408 3532 515 3587 hoc
535 3541 623 3586 est
649 3532 737 3587 die
757 3532 791 3586 ὅ
816 3532 1154 3603 Septembris
1212 3539 1341 3593 anni
1371 3537 1576 3596 Christi
1606 3542 1746 3598 1160
1777 3583 1795 3610 ,
1846 3548 1982 3603 satis

405 3637 632 3693 gnarum
666 3624 817 3679 illutn
843 3625 996 3696 haud
1010 3627 1292 3696 quieturos
1318 3628 1656 3701 Mogulenses
1678 3636 1745 3691 ab
1772 3636 1981 3693 ultione

404 3714 577 3791 cladis
603 3715 760 3771 istius
788 3701 1142 3787 reposcenda,
1173 3735 1495 3791 properasse
1548 3724 1602 3777 iit
1633 3724 1925 3797 Egyptutn
1961 3767 1978 3793 ,

407 3819 466 3863 ut
490 3809 676 3878 copias
703 3809 813 3866 illic
840 3823 1082 3880 pararet,
1118 3814 1315 3884 quibus
1362 3815 1494 3885 ipsis
1523 3819 1814 3873 obsisteret
1848 3822 1982 3877 :sed

401 3916 473 3957 eo
524 3901 718 3957 itinere
773 3918 941 3975 prope
989 3904 1191 3960 Gazam
1245 3922 1600 3978 progressum
1664 3926 1694 3965 a
1743 3914 1975 3981 quodam

401 3992 641 4051 Baibars
684 4008 875 4052 vocatu
933 3996 1107 4055 fuisse
1172 4000 1548 4059 interfectum.
1605 4005 1772 4059 Addit
1833 4006 1977 4063 hunc

401 4085 651 4154 Beibars,
680 4091 987 4151 conciliatis
1037 4100 1096 4146 et
1156 4094 1430 4164 adjunclis
1486 4097 1588 4151 sibi
1632 4099 1809 4167 copiis
1858 4115 1979 4170 quas

406 4177 624 4236 Kutuzo
661 4182 1053 4251 militaverant,
1086 4200 1209 4240 cum
1237 4186 1305 4242 iis
1343 4188 1646 4258 ingressum
1682 4188 1975 4263 Egyptum

393 4282 524 4330 eam
582 4288 907 4343 occupasse.
941 4272 1133 4331 Tradit
1162 4276 1361 4332 ibidem
1391 4278 1552 4333 istum
1598 4279 1825 4337 Boibars
1858 4300 1975 4340 ser-

398 4381 525 4422 vum
550 4375 708 4422 antea
736 4365 906 4422 fuisse
933 4367 1113 4435 magni
1144 4358 1426 4439 cujusdam
1457 4371 1512 4425 in
1538 4370 1776 4443 Egypto
1798 4376 1970 4441 ducis,

398 4453 845 4533 cniBundokdar
899 4472 1096 4511 nomen
1154 4459 1374 4525 fuerat;
1432 4462 1577 4517 unde
1620 4465 1775 4520 initio
1819 4464 1976 4522 Bun-

399 4546 603 4600 dokdar
631 4547 886 4601 minorem
938 4548 1297 4605 nominatum.
1343 4552 1411 4605 At
1460 4547 1744 4625 postquam
1793 4558 1970 4612 sttltan

399 4633 622 4705 Ευριί
660 4632 836 4689 factus
876 4644 963 4689 est
992 4675 1008 4701 ,
1049 4640 1492 4707 ceguominatnm
1553 4658 1581 4695 a
1640 4643 1752 4697 suis
1804 4644 1974 4701 fuisse

401 4727 777 4782 Rucnodinum
812 4725 881 4781 Al
904 4726 1076 4783 Παίου
1110 4729 1177 4783 Al
1210 4730 1441 4786 Dhaher.
1476 4733 1609 4787 Eunt
1643 4742 1976 4807 tatnen‘per-

394 4821 478 4891 git
510 4822 560 4887 in
599 4822 955 4889 sequentibus
987 4823 1425 4894 Abulpbaragius
1473 4841 1671 4882 vocare
1721 4828 1974 4886 Bnndok-

399 4915 608 4976 darent,
645 4927 934 4981 successus
983 4914 1103 4984 ejus
1160 4918 1426 4972 maximos
1458 4934 1744 4975 recensens
1784 4932 1972 4976 contra

390 5004 748 5058 Christianos
774 5002 998 5059 Latinos
1023 5008 1371 5063 Autioehiam
1415 5020 1470 5065 et
1502 5012 1669 5082 Syriae
1698 5014 1972 5070 maritima

399 5094 733 5157 obtinentes,
765 5110 900 5164 quos
938 5097 1087 5151 illinc
1108 5099 1313 5168 expulit
1345 5143 1361 5170 ,
1405 5114 1461 5154 ιιι
1502 5103 1668 5158 etiam
1729 5106 1973 5173 deplorat

398 5186 763 5255 Pachymeres
790 5198 942 5244 tome
976 5190 994 5244 Ι
1028 5230 1043 5255 ,
1082 5190 1119 5245 l.
1146 5208 1203 5245 ιιι
1236 5231 1252 5258 ,
1284 5209 1333 5249 c.
1375 5194 1410 5249 5
1438 5233 1453 5258 ,
1510 5196 1724 5267 cuipam
1783 5215 1970 5254 earum

396 5275 633 5350 cladium
670 5290 748 5349 ex
796 5287 950 5348 parte
1008 5282 1284 5351 imputans
1336 5268 1675 5356 imprudenti
1728 5290 1973 5347 avaritia:

397 5364 679 5451 Michaelis
699 5367 1009 5442 Palaeologi,
1031 5374 1123 5443 qui
1151 5387 1374 5447 propter
1400 5390 1665 5448 thstttln
1702 5383 1970 5455 modicum

399 5460 753 5529 permittebat
774 5477 804 5517 e
822 5456 997 5521 Ponto
1014 5456 1295 5536 exportari
1328 5469 1380 5523 in
1404 5471 1696 5543 AEgyptum
1720 5473 1970 5546 Scythica

401 5552 668 5624 mancipia
701 5562 907 5612 tenerae
939 5562 1141 5625 aetatis,
1163 5576 1280 5629 quae
1310 5562 1505 5619 deinde
1533 5565 1641 5620 illic
1666 5568 1718 5621 itt
1777 5569 1972 5629 robus-

396 5652 484 5700 tos
501 5652 558 5700 et
582 5645 911 5705 Christianis
942 5651 1101 5705 rebus
1146 5654 1399 5729 exitiales
1442 5658 1735 5714 bellatores
1779 5663 1972 5717 adole-

393 5745 631 5795 scerent.
659 5737 829 5807 Quem
855 5741 1023 5812 igitur
1051 5742 1417 5817 Pachytncrcs
1440 5763 1469 5805 e
1489 5765 1654 5808 servo
1677 5754 1815 5822 apud
1851 5753 1966 5809 Coo

2004 4424 2051 4483 θ

2089 3158 2143 3214 in
2177 3159 2562 3230 Abulpharagii
2595 3160 2875 3217 Chronico
2908 3162 3123 3231 legitur,
3160 3179 3212 3233 p.
3246 3161 3379 3228 355,
3414 3162 3502 3218 ubi
3539 3178 3669 3218 πει-ρ

2047 3260 2202 3306 .rata
2254 3251 2422 3323 διδ
2465 3251 2671 3308 Hulactt
2715 3262 2911 3318 morte,
2963 3255 3032 3309 de
3085 3271 3194 3324 qua
3252 3271 3379 3312 mox
3429 3255 3666 3327 dicetur,

2084 3343 2275 3399 scribit
2308 3361 2433 3400 cum
2493 3344 2605 3416 jam
2653 3356 2810 3402 antea
2866 3348 3078 3403 misisse
3131 3348 3340 3419 legatos
3388 3349 3662 3407 Constan-

2086 3436 2391 3505 tinopolim,
2442 3439 2533 3507 qui
2580 3438 2747 3493 tiliam
2821 3439 2931 3495 illic
2970 3439 3291 3508 imperantis
3324 3442 3379 3497 in
3432 3454 3658 3498 uxorem

2084 3529 2185 3583 sibi
2256 3542 2567 3600 poscerent.
2606 3529 2717 3587 Has
2755 3541 2973 3587 mutuas
3025 3530 3311 3591 Michaelis
3354 3546 3409 3590 et
3449 3535 3657 3590 llnlat-a

2085 3618 2384 3688 legationes
2451 3622 2631 3678 obitas
2704 3632 2930 3694 apparet
3000 3626 3068 3681 ab
3135 3642 3280 3682 anno
3352 3628 3446 3683 661
3518 3631 3655 3702 Heg.

2082 3715 2151 3769 ad
2178 3715 2302 3780 665.
2346 3729 2584 3785 quorum
2631 3731 2899 3771 annorum
2947 3719 3095 3787 prior
3137 3718 3329 3791 incipit
3381 3736 3411 3776 a
3456 3721 3547 3779 die
3591 3725 3657 3779 i5

2084 3807 2409 3865 Novembris
2454 3809 2583 3863 anni
2629 3808 2837 3866 Christi
2888 3809 3051 3874 1262,
3106 3813 3378 3880 posterior
3406 3830 3436 3869 a
3466 3815 3537 3871 24
3566 3829 3657 3874 aut

2056 3900 2152 3957 ,25
2183 3898 2439 3966 Octobris
2494 3901 2620 3956 anni
2674 3900 2880 3958 Christi
2940 3903 3099 3959 1264.
3151 3903 3439 3976 Perspecta
3488 3924 3656 3979 porro

2082 3993 2312 4049 Michael
2368 3992 2578 4051 llulacu
2633 3995 2935 4062 voluntate,
2994 3996 3161 4052 ﬁliam
3216 4015 3370 4055 suam
3419 4002 3653 4058 Mariam

2080 4072 2343 4160 apparatu
2398 4088 2687 4159 magniﬁco
2729 4089 3107 4146 deducendam
3157 4096 3226 4149 ad
3263 4109 3388 4149 eum
3432 4105 3656 4154 strenue

2079 4184 2296 4239 curavit
2342 4198 2441 4252 per
2472 4183 2959 4240 archimandritam
3008 4188 3326 4243 monasterii
3352 4186 3655 4248 Pantocra-

2080 4274 2216 4329 toris
2246 4275 2465 4329 nomine
2507 4275 2839 4342 Principem,
2894 4289 2959 4331 ex
2999 4276 3198 4333 illustri
3246 4279 3449 4336 familia
3479 4279 3652 4338 Pelo-

2082 4365 2526 4433 ponnesiensiunt
2574 4365 2954 4437 dynastarutn,
2995 4383 3157 4438 quem
3202 4372 3279 4425 ait
3316 4371 3437 4427 loco
3467 4375 3655 4443 prosi-

2077 4470 2167 4511 tne
2223 4454 2443 4511 laudato
2495 4456 2860 4528 Pachymeres
2921 4460 2977 4513 in
3035 4477 3100 4517 eo
3154 4462 3351 4520 itinere
3399 4470 3650 4525 nuntium

2077 4550 2358 4621 act-episse
2389 4552 2580 4605 mortis
2612 4551 2839 4615 Chalau,
2878 4568 2989 4607 nec
3020 4564 3201 4609 tamen
3238 4572 3295 4611 re
3325 4556 3523 4615 infecta
3558 4576 3651 4616 re-

2076 4644 2264 4706 diisse,
2312 4644 2406 4697 sed
2455 4646 2774 4713 perduxisse
2813 4662 3065 4715 sponsam
3112 4649 3189 4703 illi
3226 4650 3550 4706 destinatam
3580 4655 3649 4708 ad

2080 4736 2251 4788 ﬁlium
2288 4736 2406 4807 ejus
2436 4748 2492 4791 et
2527 4752 2906 4792 successorem
2940 4740 3208 4811 Apagam,
3260 4745 3351 4811 qni
3393 4759 3513 4800 eam
3545 4746 3648 4801 sibi

2074 4826 2321 4898 junxerit
2373 4845 2621 4885 uxorem.
2679 4830 2806 4887 llam
2862 4833 3051 4887 eadem
3112 4834 3433 4895 distinctius
3484 4840 3646 4895 etiam

2077 4922 2336 4990 exprimit
2369 4923 2833 4994 Abulpharagius,
2873 4941 3183 4983 memorans
3214 4929 3426 4999 legatos
3463 4933 3650 5002 impe-

2079 5012 2278 5069 ratoris
2323 5016 2936 5087 tJOttstantinnpuliiani,
2984 5021 3076 5091 qui
3121 5022 3279 5089 hujus
3325 5022 3493 5079 tiliam
3540 5024 3648 5081 llu-

2077 5105 2196 5161 lacu
2228 5108 2556 5179 desponsam
2601 5114 3021 5181 comitarentur,
3052 5116 3141 5169 ubi
3177 5115 3480 5173 Caesaream
3522 5133 3648 5189 per—

2075 5198 2374 5261 venissent.
2423 5203 2704 5272 accepisse
2738 5210 2964 5261 nuntios
3004 5209 3072 5264 de
3104 5207 3310 5265 Hulacu
3346 5212 3517 5277 obitu,
3549 5226 3647 5267 nec

2079 5298 2255 5345 tamen
2309 5294 2439 5347 ideo
2476 5296 2857 5351 retrucedendi
2911 5300 3200 5355 consilium
3251 5302 3497 5369 init-isse,
3551 5283 3643 5359 sed

2075 5382 2308 5453 puellam
2361 5385 2682 5454 perduxisse
2738 5390 2803 5443 ad
2857 5392 3091 5445 Abakam
3133 5396 3186 5447 in
3216 5395 3398 5465 patris
3434 5394 3647 5451 Halat:

2071 5473 2184 5542 jam
2217 5474 2355 5528 solio
2390 5476 2539 5546 regio
2582 5477 2842 5547 locatum,
2886 5481 2978 5551 qui
3014 5497 3133 5536 eam
3169 5482 3277 5538 sibi
3322 5484 3426 5541 rite
3454 5486 3646 5557 conju-

2077 5583 2195 5637 gem
2230 5570 2481 5625 sociavit.
2530 5571 2644 5626 lluc
2690 5575 2809 5628 sine
2852 5576 3018 5629 dubio
3058 5578 3295 5645 pertinet
3342 5577 3410 5632 ad
3442 5591 3647 5634 annum

2076 5659 2294 5731 Hegirze
2325 5663 2451 5728 664,
2500 5668 2655 5735 cujus
2698 5666 2955 5722 Kalendae
2998 5668 3332 5724 Mubarratnl
3383 5668 3472 5743 [P.
3520 5668 3645 5746 592]

2073 5756 2216 5811 diem
2252 5756 2572 5815 insederunt
2628 5763 2851 5818 tet-tium
2900 5762 3173 5820 decimum
3222 5762 3478 5823 Octobris
3512 5764 3641 5822 anni
