4086 6236
192 298 289 364 873

1492 298 2154 365 CBRONOLOGICUS.

3339 314 3445 377 8⁵14

190 412 368 470 Christi
409 410 580 478 I265,
620 412 819 480 etquis
860 427 983 483 quae
1024 413 1197 469 multa
1239 421 1294 469 et
1342 417 1503 472 molis
1549 433 1758 491 magna“.
1788 428 1835 484 Α
1861 422 2449 496 hendoAbulpharagii
2475 427 2746 497 rationes;
2772 432 2915 502 quod
2935 434 3449 503 equidem,proptor

187 509 242 566 ab
293 505 714 576 Abulpharagio
775 506 829 560 in
885 507 1031 561 hunc
1083 517 1286 560 annum
1351 519 1757 577 congeruntur,

180 609 367 670 nempe
413 609 572 656 mors
627 597 845 653 Halsca
899 609 952 655 et
1002 599 1186 670 aliquo
1232 595 1521 656 intervtilo
1572 613 1760 657 secuta

179 705 316 749 mors
363 693 536 748 etiam
597 690 828 748 Dulttrste
876 687 1206 749 Christiana:
1253 691 1504 762 conjugis
1556 691 1762 764 ipsius,

185 796 286 838 tum
346 795 472 851 post
531 784 677 841 hanc
708 785 928 841 comitia
968 784 1372 855 Moguleusium
1429 785 1764 856 principum,

178 881 258 949 qui
285 877 527 932 Abaltam
563 879 636 932 ob
667 887 1008 948 perspectam
1037 880 1192 946 ipsis,
1227 887 1286 933 nt
1309 881 1386 936 ait
1424 880 1766 951 Abulphara-

176 974 311 1044 gius,
343 972 462 1039 ejus
520 974 867 1042 prudentiam
892 1011 907 1038 ,
940 969 1326 1043 sufficientiam,
1388 971 1764 1037 eruditionem,

175 1081 294 1133 εις..
325 1068 520 1126 liberis
555 1064 841 1138 suffragiis
871 1067 928 1128 in
984 1079 1299 1138 supremum
1322 1080 1431 1122 suae
1456 1066 1636 1137 gentis
1666 1065 1768 1120 im-

179 1172 474 1235 peratorem
502 1161 869 1231 elegeruntet
885 1158 1118 1217 subinde
1134 1160 1240 1215 ritu
1265 1161 1504 1232 ipsorum
1529 1173 1728 1214 corona
1744 1187 1760 1200 -

180 1266 313 1317 rttnr,
329 1269 437 1308 non
461 1251 719 1308 videntur
747 1265 909 1322 posse
933 1252 989 1308 in
1011 1252 1243 1322 primum
1263 1253 1388 1306 anni
1418 1246 1640 1307 Arabici
1673 1253 1770 1306 tri-

181 1355 364 1401 mestre
396 1341 570 1402 facile
596 1345 892 1416 compingi,
947 1343 1296 1400 verisimilius
1347 1339 1652 1398 diﬁcrimus
1675 1355 1772 1397 au-

178 1441 330 1510 spicia
358 1441 586 1509 imperii
606 1439 804 1494 Ahalae
824 1439 1096 1509 huiusque
1111 1449 1236 1491 cum
1262 1433 1430 1492 Maria
1459 1431 1678 1507 nuptias
1713 1435 1767 1492 in

179 1546 372 1587 annum
401 1534 613 1588 Christi
655 1531 812 1587 l266.
849 1529 1263 1587 Observandum
1293 1530 1383 1584 hic
1411 1525 1766 1595 estAbakam,

177 1625 286 1680 sive
308 1627 369 1679 ut
399 1622 777 1697 Pacbymc-res
798 1629 956 1679 vocat
985 1623 1246 1694 Apagam,
1271 1623 1497 1677 titulum
1523 1617 1772 1691 supremi

183 1715 581 1789 ﬂogulensium
634 1717 808 1773 Kanis
862 1717 964 1773 rite
1009 1715 1252 1772 delatum
1308 1714 1611 1785 accepisse,
1638 1728 1762 1769 cum

181 1813 293 1883 eius
331 1823 490 1883 pater
517 1810 632 1867 tale
661 1810 948 1880 imperium
981 1821 1235 1864 exercere
1266 1809 1400 1864 satis
1427 1808 1635 1862 habens
1663 1818 1752 1860 vo-

183 1901 360 1958 cabulo
391 1904 514 1971 ejus
545 1900 897 1958 abstinuerit.
933 1901 1044 1956 lloe
1080 1912 1146 1956 eo
1179 1900 1352 1958 videri
1385 1903 1564 1972 potest
1589 1898 1758 1954 mira-

183 1990 357 2055 bilius,
399 1990 550 2059 quod
609 1991 744 2046 satis
787 1991 1069 2046 constabat
1120 1989 1304 2046 vivere
1330 1991 1513 2046 adhuc
1539 1988 1753 2052 Kublai,

181 2084 259 2150 qui
315 2081 630 2140 Muttltakao
684 2082 854 2137 Kaani
913 2083 1257 2139 occumbenti
1311 2090 1658 2140 successerat
1703 2080 1756 2134 in

181 2177 415 2244 imperio,
447 2193 602 2232 anno
635 2176 702 2232 ab
737 2177 863 2232 hinc
899 2188 1049 2232 retro
1077 2176 1270 2246 quinto
1301 2185 1395 2229 aut
1432 2184 1611 2236 sexto.
1646 2174 1754 2227 lle-

178 2269 300 2339 girte
329 2269 453 2334 659,
491 2279 556 2325 ut
611 2269 772 2341 paulo
807 2269 1060 2340 superius
1101 2286 1158 2326 ιι.
1203 2267 1272 2324 10
1312 2268 1617 2324 retulimus.
1645 2265 1754 2321 Vc-

179 2374 288 2413 rum
347 2361 495 2431 quia,
547 2374 612 2415 ut
661 2361 868 2416 ibidem
923 2360 1127 2417 dictum
1181 2364 1285 2424 est,
1334 2361 1614 2432 Arigbuga
1641 2359 1756 2415 fra-

182 2460 256 2508 tre
276 2454 485 2510 minore
515 2453 718 2508 Knblai
752 2455 1163 2510 successionem
1195 2452 1300 2508 sibi
1331 2451 1547 2524 imperii
1576 2453 1754 2509 vindi-

181 2555 348 2611 caute,
368 2547 577 2603 bellum
618 2547 762 2602 inter
805 2557 898 2602 eos
947 2547 1108 2602 civile
1138 2545 1434 2602 conﬂatum
1473 2555 1579 2612 est,
1609 2549 1755 2618 quod

182 2651 340 2693 annos
371 2637 524 2708 ipsos
565 2639 875 2695 octodecim
906 2641 1084 2694 tenuit
1129 2651 1194 2693 ac
1241 2648 1649 2709 consequenter
1685 2640 1754 2695 ad

176 2729 463 2788 duodecim
486 2742 590 2787 aut
633 2734 890 2788 tredecim
932 2731 1000 2787 ab
1027 2732 1154 2786 hinc
1181 2745 1352 2788 annos
1397 2742 1750 2804 propagatum

183 2832 279 2886 cst,
308 2829 479 2879 totum
536 2825 718 2883 instar
752 2824 963 2894 imperii
1008 2823 1253 2893 Mogulici
1295 2839 1359 2880 ex
1385 2823 1756 2882 Orientalibus

183 2913 412 2974 interna
442 2917 798 2973 dissensione
830 2917 1065 2973 turbatis
1116 2919 1378 2975 tractibus
1415 2919 1469 2974 in
1499 2915 1754 2976 Occidnis

181 3017 230 3063 et
254 3007 471 3065 fundata
506 3009 717 3066 dudum
750 3009 860 3065 illic
903 3007 1110 3065 llulacu
1146 3010 1260 3082 (qui
1295 3021 1347 3068 et
1378 3013 1491 3082 ipse
1519 3011 1752 3070 Manlia-

181 3101 262 3159 ltal
290 3101 491 3160 liaanis
525 3105 698 3162 frater
723 3103 921 3175 fuerat)
953 3107 1112 3161 domo
1163 3115 1216 3160 et
1269 3105 1507 3176 potentia
1549 3108 1756 3164 consti-
1784 3110 1832 3180 ο

185 3193 262 3262 tlt;
284 3196 677 3266 successioque
698 3193 1084 3264 hlogulensium
1102 3193 1268 3266 817
1286 3196 1594 3268 principum
1624 3199 1753 3256 hinc

185 3286 426 3357 deinceps
449 3304 477 3343 a
503 3288 855 3359 chronologia
873 3289 1147 3345 Arabibus
1172 3298 1259 3343 est
1275 3291 1529 3357 detineta,
1565 3292 1758 3362 negle-

187 3387 267 3434 cto
298 3377 532 3445 Kublai,
594 3392 755 3450 quem
812 3381 1024 3436 tandem
1062 3382 1417 3452 prazraluisse
1468 3384 1758 3454 Arigbngte

185 3470 613 3543 Abitlpbaragius
632 3471 825 3537 tradit,
858 3482 912 3528 et
959 3470 1012 3526 in
1043 3471 1276 3542 quadam
1307 3472 1491 3543 specie
1527 3472 1758 3528 absoluti

188 3560 387 3636 imperii
418 3565 743 3637 aliquandiu
776 3565 1004 3635 paciﬂce
1027 3561 1226 3620 indicat
1241 3566 1442 3621 vixisse
1465 3582 1478 3631 ;
1506 3573 1562 3620 et
1587 3565 1634 3620 si
1661 3567 1756 3636 qui

191 3667 300 3724 poet
333 3658 385 3711 in
413 3670 663 3714 extremo
705 3657 798 3712 illo
837 3655 1008 3711 limite
1055 3655 1448 3724 Mogulensium
1498 3655 1740 3712 Kaauum

189 3746 395 3803 titulum
441 3758 816 3820 sumpserunt.
867 3748 1014 3814 Quos
1074 3765 1140 3804 ne
1201 3749 1478 3804 mentione
1529 3749 1748 3817 quidem

192 3839 480 3910 signando:
528 3850 863 3912 putaverunt
918 3847 1012 3896 aut
1070 3852 1254 3895 noster
1291 3841 1381 3897 hic
1409 3838 1756 3914 Abuipbara;

155 3998 158 4000 γ
187 3933 322 4003 (ius.
356 3946 451 3991 aut
477 3951 510 3992 ο
542 3937 737 4006 quibus
773 3935 1210 4004 supplementum
1242 3935 1609 3991 concinnatur
1651 3934 1758 3988 hu-

185 4027 265 4098 ius
290 4017 562 4098 Cbronici,
596 4029 1004 4093 AlJannabius,
1035 4027 1297 4082 Abulteda
1350 4035 1404 4083 et
1436 4026 1546 4080 Ebn
1579 4024 1755 4082 Yuse-

189 4120 334 4190 pilus,
368 4122 574 4179 Arabes
602 4132 661 4179 et
691 4121 790 4193 ipsi
848 4120 1196 4192 chronologi.
1235 4116 1386 4175 Unde
1441 4117 1750 4176 biunltaltao

188 4210 350 4271 laeui
391 4216 613 4288 ἁμισως
664 4215 983 4272 continuare
1035 4227 1322 4284 possumus
1357 4211 1621 4276 Abakam,
1650 4227 1751 4266 nu-

187 4309 435 4362 merando
459 4323 584 4365 eum
611 4317 862 4378 quartum
894 4323 924 4361 a
962 4306 1331 4376 Gingizchane
1383 4313 1439 4361 et
1494 4303 1748 4360 absolute

191 4397 422 4464 Quintum
454 4399 837 4470 imperatorem
872 4396 1287 4468 Hogulensium.

257 4572 392 4633 XIII.
412 4575 812 4633 Abakas—Cban
840 4575 943 4649 (sic
969 4577 1114 4632 enim
1145 4577 1292 4632 illum
1323 4579 1559 4632 nominat
1579 4578 1745 4636 Abul-

196 4668 472 4740 pltaragius
535 4685 608 4729 ex
672 4685 783 4740 quo
846 4673 934 4724 est
1005 4669 1361 4740 inauguratus
1429 4671 1744 4742 imperator)

194 4760 324 4815 misit
350 4762 413 4816 ad
458 4763 884 4833 recuperandam
916 4763 1130 4834 Syriam
1171 4763 1494 4829 exercitum,
1529 4765 1617 4818 cui
1654 4766 1747 4818 du-

196 4863 300 4904 cem
325 4853 560 4922 praefecit
577 4855 802 4909 fratrem
834 4869 992 4910 suum
1022 4863 1154 4908 natu
1175 4854 1464 4920 minorem,
1493 4867 1743 4912 vocatum

198 4939 497 5014 Emortui,
534 4946 896 5004 Bundokdttro
947 4946 1164 5018 Ευριί
1213 4956 1269 5002 et
1326 4947 1494 5018 Syriae
1534 4950 1746 5004 sultane

205 5037 346 5101 paulo
385 5051 505 5096 ante
540 5043 688 5094 victo
730 5049 787 5094 et
826 5050 1064 5095 mortuo.
1115 5039 1456 5109 Mogulenses
1521 5044 1747 5098 ductore

201 5123 474 5198 liungortni
512 5145 705 5188 cuncta
758 5133 945 5188 statim
1011 5129 1120 5191 illic
1176 5133 1525 5204 subegerunt,
1587 5135 1746 5192 facile

205 5224 452 5290 progressi
492 5224 754 5280 Halebum
783 5239 975 5296 usque,
1014 5237 1071 5282 et
1105 5227 1195 5283 illa
1230 5228 1340 5296 ipsa
1389 5228 1522 5283 urbe
1554 5229 1739 5295 subju-

205 5320 314 5375 μία
348 5332 360 5368 :
395 5330 599 5381 verum,
634 5328 693 5372 ut
727 5319 865 5373 alias
912 5319 1173 5382 iecerant,
1213 5322 1380 5376 nimis
1424 5323 1532 5378 cito
1572 5338 1748 5379 reces-

206 5413 397 5464 serunt.
458 5407 574 5463 ideo
627 5421 750 5465 mox
808 5411 981 5465 coacti
1034 5429 1099 5467 eo
1151 5414 1328 5469 redire
1367 5416 1502 5469 duce
1550 5415 1744 5484 Munga

206 5487 426 5561 Timuro,
476 5503 826 5558 corroborata
873 5506 1044 5574 copiis
1073 5510 1215 5575 regis
1250 5509 1546 5572 Armenias,
1585 5523 1748 5578 prout

208 5591 572 5670 sonasquentcr
604 5593 721 5651 illic
767 5599 1061 5666 exponitur
1105 5594 1435 5656 distinctius.
1492 5601 1595 5659 Sed
1639 5617 1742 5670 ego

211 5667 384 5732 harum
407 5695 602 5751 rerum,
625 5694 782 5755 prout
812 5690 860 5740 in
888 5689 1158 5748 Chronico
1182 5693 1525 5763 digeruntur,
1548 5667 1745 5750 seriem

213 5769 441 5828 attentius
469 5775 774 5851 explorans,
826 5783 1183 5838 conturbatas
1237 5784 1513 5852 paululum
1555 5789 1742 5858 depre-

501 5890 770 5954 PATBOL.
809 5898 922 5956 Gtt.
969 5895 1220 5967 CXLIV.

1867 518 1922 572 in
1948 518 2070 573 aliis
2101 519 2383 589 probatam
2415 522 2576 592 ltuj‘us
2603 521 2762 578 (idem
2793 539 2857 579 ac
2874 525 3230 598 diligentiam,
3263 532 3440 584 errori

1865 608 2217 666 librariorum
2248 611 2304 667 in
2334 619 2692 671 numerorum
2717 627 2880 672 nntas
2899 617 3158 688 irrcpenti
3180 615 3446 674 libentius

1870 705 2274 772 imputaverim.
2337 701 2614 777 Scriptum
2676 709 2922 768 videlicet
2969 711 3173 782 legitur
3232 727 3287 781 p.
3338 709 3444 767 360

1869 793 2032 865 huius
2061 794 2323 852 Chronici
2348 813 2492 854 anno
2521 797 2734 870 Hegira:
2755 800 2860 856 679
2891 803 3116 858 missum
3149 805 3204 857 in
3229 803 3442 875 Syriam

1869 888 2192 958 Kungortai.
2229 890 2493 946 Kalendas
2526 890 2857 948 Muhar‘rami
2881 895 3008 950 anni
3038 895 3257 952 Arabici
3291 898 3445 952 istius

1871 982 2073 1037 cadunt
2103 981 2153 1034 in
2189 982 2332 1035 diem
2359 985 2574 1038 tertiam
2600 983 2724 1040 Maii
2750 984 2951 1041 Jolinni
2976 986 3032 1042 in
3061 1000 3207 1043 anno
3236 987 3448 1047 Christi

1876 1071 2032 1127 1280.
2081 1067 2278 1130 Statim
2325 1084 2448 1143 post
2501 1076 2718 1132 additur
2757 1077 2901 1134 hunc
2949 1081 3248 1136 exercitum
3306 1083 3445 1137 duca

1872 1158 2167 1234 Kungortai
2191 1177 2302 1218 rem
2329 1165 2382 1221 in
2417 1164 2572 1236 Syria
2597 1169 2833 1237 gessisse
2867 1171 3043 1227 hieme
3074 1171 3204 1228 anni
3229 1169 3446 1248 Hegirm

1871 1257 1998 1325 680',
2029 1273 2187 1328 quem
2224 1259 2509 1316 inchoasse
2534 1269 2740 1317 certum
2774 1272 2856 1316 est
2885 1278 2942 1319 en
2977 1265 3068 1319 die
3091 1275 3212 1334 qua
3244 1266 3447 1337 Aprilis

1872 1349 2130 1406 vicesima
2163 1351 2404 1406 secunda
2457 1352 2510 1406 in
2565 1366 2708 1408 anno
2742 1351 2955 1409 Christi
2991 1349 3116 1409 1281
3159 1367 3444 1414 numerata

1870 1448 1976 1498 est.
2027 1436 2127 1496 liic
2180 1442 2310 1497 illud
2346 1441 2578 1511 primum
2633 1445 3133 1514 inopinatissimum
3172 1452 3443 1511 occurrit.

1873 1532 2016 1614 quod
2047 1545 2200 1588 mora
2229 1533 2385 1588 solidi
2414 1527 2532 1590 fere
2560 1535 2767 1591 biennii
2799 1537 3127 1605 interjicitur
3156 1540 3298 1595 inter
3333 1544 3441 1596 ini-

1875 1626 2008 1680 tium
2041 1623 2401 1694 eXpeditionis
2429 1639 2459 1681 e
2487 1627 2790 1696 propinquo
2824 1642 3094 1697 susceptae
3117 1641 3170 1684 ct
3196 1646 3308 1687 rem
3347 1647 3445 1702 per

1875 1732 1993 1774 eam
2017 1728 2248 1787 gestam.
2275 1715 2440 1772 Addit
2460 1716 2893 1788 Abulpharag'rus
2916 1717 3212 1789 Kungortai
3245 1733 3443 1778 cuncta

1873 1819 2159 1880 peragrata
2186 1809 2340 1881 Syria
2375 1819 2429 1864 et
2455 1824 2628 1881 uSque
2655 1811 2722 1863 ad
2748 1808 3013 1864 Halehum
3045 1811 3204 1868 facile
3221 1814 3442 1870 subacta

1867 1903 2160 1958 recessisse
2210 1919 2227 1956 :
2282 1912 2466 1956 verum
2519 1900 2918 1957 rebellantibus
2951 1901 3132 1957 denuo
3182 1900 3440 1960 videlicet

1863 1995 1976 2049 illic
2005 1991 2256 2064 gentibus
2282 1992 2509 2047 missum
2540 1993 2732 2048 eodem
2764 1992 2832 2054 ab
2861 1993 3044 2048 Abaka
3077 1995 3240 2048 alium
3277 2008 3440 2052 exer-

1861 2089 2028 2142 citum
2059 2085 2451 2157 quinquaginta
2483 2086 2713 2140 millium
2743 2101 2887 2140 anno
2913 2084 3126 2156 Hegirac
3146 2086 3275 2154 681,
3303 2101 3443 2158 ρων

1861 2178 2044 2248 posito
2079 2175 2157 2230 illi
2192 2175 2421 2232 ductore
2466 2173 2662 2247 Munga
2698 2174 2927 2234 Timuro
2964 2176 3137 2232 fratre
3171 2192 3270 2235 suo
3308 2190 3437 2234 natu

1863 2268 2126 2332 minimo;
2187 2266 2274 2322 cui
2325 2267 2580 2323 comitem
2640 2283 2702 2326 se
2746 2268 2998 2339 adiunxit
3024 2280 3122 2326 rex
3169 2271 3444 2326 Armenias-

1862 2359 1928 2437 [Ρ
1957 2358 2088 2435 595]
2120 2376 2243 2416 cum
2296 2361 2536 2432 pr0priis
2581 2362 2776 2432 copiis.
2815 2360 2880 2418 Hi
2914 2364 3020 2418 duo
3071 2363 3233 2417 simul
3261 2362 3439 2430 juncti

1862 2455 2138 2509 exercitus
2170 2452 2361 2508 obvios
2391 2453 2537 2508 inter
2560 2450 2795 2508 liamam
2821 2465 2876 2508 et
2906 2451 3195 2508 Hemesam
3225 2454 3441 2508 habue-

1862 2556 1990 2602 runt
2053 2545 2225 2617 Syros
2274 2544 2434 2601 simul
2473 2556 2529 2600 et
2567 2543 2859 2616 Egyptios
2904 2544 3212 2614 prrsvalidis
3271 2544 3444 2615 copiis

1860 2637 2184 2700 instructos.
2213 2649 2336 2691 cum
2363 2635 2562 2706 quibus
2583 2639 2766 2692 statim
2788 2639 2900 2692 acri
2927 2646 2983 2691 et
3005 2647 3232 2695 cruento
3253 2640 3441 2709 prmlio

1856 2731 2170 2795 commisso,
2193 2742 2292 2785 nec
2306 2729 2465 2798 plane
2477 2729 2709 2784 victores
2722 2727 3069 2799 Mogulenscs
3085 2738 3142 2786 et
3172 2729 3438 2799 Armenii,

1859 2831 1964 2876 nec
1986 2822 2171 2873 tamen
2199 2831 2423 2888 prorsus
2451 2817 2580 2871 victi
2604 2816 2844 2872 inerunt.
2873 2815 3007 2876 Post
3039 2817 3186 2872 illum
3215 2818 3440 2872 dubium

1857 2919 2116 2966 eventum
2147 2910 2342 2981 Munga
2364 2907 2610 2967 exercitu
2640 2909 2697 2972 in
2721 2907 3169 2982 locupotamiam
3194 2911 3440 2978 reducto,

1859 3001 1915 3056 in
1947 3003 2148 3057 itinere
2167 3014 2359 3058 versus
2388 2997 2601 3055 Nisibin
2629 3012 2835 3057 veneno
2862 3000 3170 3060 exstinctus
3198 3009 3304 3057 est.
3341 3000 3439 3056 His

1861 3097 2122 3151 continue
2145 3091 2585 3162 Abulpharagius
2607 3095 2806 3148 attexit
2832 3093 3023 3149 eodem
3044 3107 3208 3160 anno,
3244 3108 3441 3160 nempe

1861 3181 2084 3260 Heglrte
2115 3184 2246 3251 68l,
2282 3182 2552 3251 Abakam,
2601 3195 2888 3254 postquam
2932 3179 3205 3241 Hamdani
3241 3184 3436 3240 festum

1863 3279 2086 3334 Pascha:
2106 3291 2229 3334 eum
2253 3273 2580 3334 Christianis
2603 3277 2952 3343 celebrasset,
2971 3274 3140 3348 8-18
3154 3275 3440 3346 postridie,

1863 3371 1953 3427 die
1969 3371 2133 3436 lunae,
2155 3369 2410 3426 convivio
2425 3378 2712 3438 exceptum
2735 3382 2763 3420 a
2779 3367 3014 3440 quodam
3035 3367 3200 3423 Persa
3220 3369 3442 3426 nomine

1863 3457 2128 3522 Bonnam,
2165 3454 2389 3508 mistum
2436 3452 2505 3508 ab
2536 3453 2641 3507 hoc
2671 3451 2808 3507 cibis
2835 3463 3108 3506 venenum
3163 3448 3442 3518 hausisse,

1860 3563 1924 3604 ex
1957 3561 2064 3620 quo
2101 3544 2190 3614 die
2219 3543 2408 3600 Martis
2439 3543 2629 3598 statim
2665 3551 2932 3612 sequente
2977 3540 3224 3614 graviter
3259 3556 3440 3613 egro-

1864 3649 1980 3694 tare
2024 3637 2271 3708 coeperit.
2310 3635 2398 3691 die
2434 3631 2694 3690 Mercurii
2747 3633 3003 3705 contiguo
3058 3643 3302 3690 mortuus
3341 3637 3439 3696 sit.

1859 3728 2017 3786 llunc
2067 3739 2229 3799 porro
2278 3727 2420 3783 diem
2480 3724 2740 3781 Mercurii
2786 3725 2863 3782 ait
2915 3725 3087 3781 luisse
3121 3726 3438 3800 vicesimum

1861 3821 2060 3876 mensis
2099 3817 2442 3882 Dbul-liaits,
2475 3817 2565 3873 hic
2602 3823 2691 3873 est
2720 3816 2922 3875 mensis
2950 3816 3173 3872 ultimus
3204 3817 3254 3870 in
3293 3833 3438 3871 anno

1857 3913 2118 3968 Arabum.
2158 3910 2436 3968 Habemus
2460 3910 2512 3967 in
2539 3909 2630 3968 his
2653 3912 3000 3967 characteres
3021 3908 3184 3973 duos,
3208 3907 3436 3963 Pascha:

1856 4005 2291 4062 Christianorum
2313 4011 2369 4059 et
2393 4001 2549 4062 feriat
2568 4009 2779 4071 quartae
2799 4002 3184 4059 concurrentis
3214 4000 3265 4056 in
3291 4002 3432 4055 diem

1854 4097 1926 4154 20
1961 4093 2298 4160 Dhul—Haiae,
2351 4108 2586 4165 quorum
2638 4101 2832 4149 neuter
2868 4106 3012 4147 anno
3066 4090 3279 4163 liegirae
3329 4089 3430 4146 681

1857 4190 2134 4260 competit,
2181 4196 2354 4259 prout
2376 4186 2683 4245 clarissime
2718 4188 3053 4246 demonstro.
3091 4185 3283 4239 Annus
3315 4200 3437 4240 terte

1853 4283 2177 4339 Christianm
2207 4283 2447 4352 vulgaris
2478 4281 2640 4348 1285,
2665 4280 2723 4336 in
2755 4279 2916 4347 cujus
2953 4293 3198 4335 mensem
3241 4280 3434 4332 saltem

1853 4377 1992 4431 ultra
2024 4375 2242 4431 tertium
2265 4375 2583 4430 necessario
2611 4373 2865 4431 excurrit
2886 4385 3067 4427 annus
3091 4368 3307 4438 Hegirm
3329 4368 3427 4425 681

1780 4452 1825 4508 D
1853 4471 2058 4541 Aprilis
2084 4468 2368 4524 undecimo
2391 4469 2480 4523 die
2502 4467 2629 4522 anni
2659 4465 3020 4536 precedentis
3046 4461 3184 4518 ΗΒΕ
3208 4461 3436 4517 inchoo.

1851 4575 1956 4629 tus,
1983 4579 2106 4619 cum
2135 4562 2298 4619 fuerit
2321 4562 2531 4632 periodi
2558 4562 2788 4616 lulianus
2814 4558 2978 4624 5996,
3002 4558 3210 4630 cyclutn
3239 4572 3433 4610 nuntu-

1853 4657 1995 4711 rovit
2037 4655 2170 4712 solis
2193 4655 2225 4710 ι
2258 4670 2382 4709 cum
2413 4656 2594 4710 littora
2619 4652 2932 4709 dominicali
2978 4650 3040 4716 C,
3062 4650 3271 4721 cyclum
3301 4664 3431 4707 vero

1847 4748 1991 4804 lunm
2035 4747 2120 4802 11.
2175 4745 2295 4801 Haec
2328 4745 2481 4816 signa
2518 4745 2727 4799 Pascha
2756 4743 3192 4800 Christianorum
3231 4739 3430 4811 indigi.-

1856 4853 1974 4896 tant
2021 4841 2080 4895 in
2111 4839 2197 4894 die
2232 4838 2292 4892 18
2330 4838 2529 4893 mensis
2565 4835 2785 4902 Aprilis,
2819 4837 2910 4906 qui
2944 4836 3061 4888 dies
3114 4835 3432 4888 necessario

1848 4944 2001 4988 extra
2039 4930 2246 5002 llegirae
2278 4929 2400 4985 anni
2434 4928 2532 4983 GSl
2581 4931 2713 4984 ﬁnes
2746 4930 3002 4984 excessit.
3043 4925 3159 4981 lloc
3191 4923 3428 4981 inliciari

1850 5041 1955 5081 non
1991 5025 2190 5095 poterit
2205 5023 2294 5090 qui
2328 5024 2482 5084 sciet,
2518 5021 2660 5090 quod
2690 5031 2902 5079 certum
2933 5032 3036 5086 est,
3058 5036 3260 5076 annum
3289 5021 3427 5074 Ara-

1849 5120 1975 5173 bum
2013 5115 2235 5171 Juliuno
2271 5128 2394 5169 esse
2428 5114 2692 5169 minorem
2739 5113 2928 5168 diebus
2979 5113 3173 5168 saltem
3215 5112 3428 5166 decem.

1853 5209 2002 5264 Unde
2033 5207 2377 5264 manifestum
2408 5215 2510 5271 est,
2553 5207 2596 5260 si
2626 5220 2800 5263 annus
2827 5205 3091 5261 Arabicus
3110 5204 3206 5260 681
3239 5205 3326 5258 die
3356 5205 3432 5260 ‘22

1848 5304 2052 5374 Aprilis
2083 5307 2210 5358 anni
2237 5302 2368 5358 Cltr.
2398 5302 2532 5358 1282
2552 5301 2693 5363 iniit,
2721 5300 2974 5357 desinere
2995 5300 3146 5354 illum
3172 5298 3429 5354 debuism

1851 5404 1974 5453 ante
2007 5397 2074 5451 18
2139 5398 2338 5465 Aprilis
2367 5400 2496 5450 anni
2533 5394 2736 5451 Christi
2789 5393 2960 5460 1283,
2994 5393 3252 5463 quoniam
3286 5406 3316 5448 a
3358 5391 3428 5444 18

1853 5492 2050 5562 Aprilis
2078 5492 2162 5546 die
2193 5491 2258 5544 ad
2287 5490 2428 5546 diem
2457 5489 2696 5556 ejusdem
2725 5488 2929 5544 mensis
2962 5485 3034 5542 2‘2
3063 5501 3168 5540 non
3200 5485 3431 5539 intercev

1852 5587 1986 5643 dunt
2032 5587 2149 5641 dies
2181 5587 2389 5638 decem.
2441 5583 2520 5637 En
2575 5592 2856 5639 ostensum
2901 5581 3180 5637 evidenter
3214 5575 3428 5634 Pascha

1850 5676 2284 5731 Christianorum
2331 5678 2456 5730 asini
2487 5675 2707 5743 Hegirtn
2745 5675 2842 5730 68i
2886 5675 2940 5728 in
2985 5689 3227 5728 mensem
3263 5673 3428 5729 Dhulr

1861 5769 2048 5823 Haiam
2069 5770 2320 5825 ultimum
2338 5770 2460 5826 anni
2485 5768 2700 5826 Ληδίςί
2726 5783 2831 5825 non
2853 5769 3092 5836 potuisse
3110 5770 3424 5826 convenire,

2937 5899 3014 5966 28
