4086 6236
663 272 766 335 875
1579 271 1644 334 P.
1680 268 1985 334 POSSINI
2009 270 2662 336 OBSERVATIONUM
2697 273 2845 339 LIB.
2881 274 3026 339 III.
3834 282 3930 348 876

661 390 931 460 Deinceps
960 390 1074 460 pari
1099 388 1375 444 evidentia
1398 387 1721 444 demonstro
1741 391 2064 446 vicesimam
2095 391 2340 451 [ΜιυίοΑ
2369 393 2452 444 sic
2499 391 2885 448 verisimiliter
2939 391 3257 450 ordinanda:
3305 401 3459 459 sunt,
3514 405 3567 452 ut
3615 397 3760 465 prior
3807 406 3934 459 duce

665 484 813 540 Hnite
866 485 1006 540 diem
1066 485 1256 540 eodem
1307 483 1406 538 illo
1455 499 1600 540 anno
1659 485 1868 555 llegira:
1915 483 2013 542 68l
2055 484 2244 540 feriam
2355 481 2658 554 Knngortai
2695 494 2875 556 empta
2905 501 3079 543 verno
3137 495 3380 557 tempore
3424 491 3552 545 anni
3604 489 3813 562 Hegirae
3839 495 3934 552 679

663 586 911 651 quartam
949 592 1054 632 non
1104 574 1294 631 fuisse.
1323 573 1452 630 Fuit
1484 575 1576 632 ille
1618 591 1791 632 annus
1831 575 2099 632 Arabicus
2129 592 2249 633 em-
2354 577 2534 634 hieme
2578 582 2708 634 anni
2741 578 2985 648 ejusdem
3031 585 3382 640 tertninetur.
3419 583 3612 642 Postea
3662 603 3787 644 vere
3818 595 3934 644 anni

666 669 945 724 bolimaeus
968 685 1032 725 ac
1054 681 1452 741 consequenter
1478 671 1583 726 555
1605 674 1838 738 dierum,
1869 680 1923 727 et
1939 670 2246 726 Dhul-l‘laia
2353 673 2636 744 sequentis
2678 672 2893 745 Hegirzc
2925 674 3054 741 680,
3095 677 3346 733 nuntiata
3377 694 3514 733 nova
3559 679 3821 754 Syrorum
3851 682 3938 742 de-

665 765 870 823 mensis
902 763 1017 829 ejus
1037 763 1260 822 ultimus
1284 764 1338 818 in
1370 764 1853 819 annisordinariis
1877 778 2066 829 cavus,
2097 765 2151 818 in
2182 778 2246 817 eo
2353 765 2590 822 fectione
2616 807 2632 823 .
2682 783 2749 824 eo
2826 767 3024 841 Munga
3095 770 3382 839 Timurus,
3429 774 3698 833 minimus
3749 775 3937 833 Abaka

662 857 860 924 plenus
885 857 1006 922 fuit,
1039 857 1158 912 dies
1190 873 1491 914 numerans
1519 859 1764 929 triginta.
1801 856 2092 913 Tollantur
2116 851 2243 924 335,
2350 855 2555 924 frater,
2590 872 2713 915 cum
2787 861 3035 918 exercitu
3106 860 3500 935 Mogulensinm
3556 867 3936 940 quinquaginta

643 950 755 1019 .qui
794 961 878 1006 est
919 966 1182 1007 numerus
1219 951 1432 1013 dierum
1470 952 1597 1007 anni
1639 951 1774 1022 Heg.
1810 951 1937 1018 681,
1975 955 2042 1008 de
2077 954 2184 1009 565
2215 968 2244 1009 a

634 1044 750 1099 die
795 1043 869 1099 22
920 1045 1123 1111 Aprilis
1179 1045 1309 1099 anni
1357 1044 1565 1099 Christi
1602 1045 1741 1100 1282
1792 1046 2181 1114 incipientibus
2227 1061 2243 1102 :

661 1137 889 1194 ultimus
928 1139 1269 1193 residuorum
1320 1139 1484 1194 cadet
1537 1141 1591 1194 in
1643 1139 1988 1194 undecimum
2044 1143 2249 1210 Aprilis

661 1229 788 1284 anni
823 1229 1028 1286 Christi
1068 1228 1220 1286 l283.
1277 1230 1374 1288 llic
1410 1239 1494 1286 est
1535 1232 1848 1286 tricesimus
1889 1231 2242 1302 Dhul-Haiaz;

657 1340 688 1379 a
729 1339 838 1394 quo
867 1326 915 1380 sl
954 1336 1101 1379 retro
1140 1330 1327 1380 decem
1363 1325 1556 1381 diebus
1603 1340 1953 1395 promoveas,
2000 1328 2245 1383 invenies

658 1419 981 1475 vicesimum
1009 1419 1257 1489 ejusdem
1293 1417 1621 1473 Dltul-llaize
1645 1422 1878 1490 primum
1915 1420 2115 1484 Martii,
2150 1419 2245 1492 qtti

659 1511 778 1567 dies
820 1508 973 1566 Jovis
1005 1521 1059 1564 et
1089 1511 1279 1579 quinta
1318 1506 1473 1570 feria,-
1506 1522 1570 1562 eo
1600 1524 1745 1562 attno
1795 1509 2034 1567 litteram
2067 1507 2244 1563 domi-

660 1603 890 1659 ni-calem
919 1601 960 1656 Ο
1006 1604 1265 1666 habente,
1299 1600 1422 1664 fuit,
1463 1612 1573 1654 non
1618 1613 1824 1665 autem,
1861 1609 1921 1656 tit
1952 1602 2032 1656 ait
2081 1603 2247 1656 Abul-

658 1697 979 1767 pharsgius,
1008 1696 1128 1753 dies
1155 1694 1408 1751 Mercurii
1438 1693 1552 1751 sive
1578 1705 1772 1767 quarta
1803 1693 1958 1750 feria.

729 1876 868 1933 XlV.
909 1877 1002 1933 llis
1030 1879 1199 1933 lector
1219 1885 1444 1933 adactus
1475 1880 1541 1932 ad
1577 1880 1857 1933 latendum
1884 1879 2238 1936 characteres

655 1970 790 2028 istos
855 1972 994 2026 duos
1053 1971 1494 2042 chronologicos,
1558 1971 1785 2027 Pascha;
1829 1972 2120 2028 incidentis
2182 1972 2235 2027 in

656 2075 899 2121 mensem
941 2063 1298 2120 Dhul—Haiam
1353 2065 1591 2123 etfcriie
1641 2071 1852 2133 quartae
1891 2065 2238 2136 insignientis

651 2161 973 2218 vicesimum
1019 2159 1346 2215 Dhul-llaiae
1382 2159 1546 2225 diem,
1586 2159 1812 2213 minime
1850 2160 2146 2216 convenire
2179 2161 2234 2215 in

652 2268 854 2309 annum
913 2248 1128 2322 Hegirae
1182 2251 1310 2318 681,
1370 2261 1576 2322 quaeret
1610 2250 1750 2307 forte
1783 2267 1914 2307 num
1959 2252 2014 2306 in
2062 2253 2232 2309 alium

649 2345 1001 2402 conveniant.
1059 2343 1183 2413 Non
1239 2345 1400 2414 longe
1457 2345 1696 2400 abibitnr
1733 2361 1756 2399 ι
1813 2346 1901 2401 aio
1953 2346 2236 2415 aptissime

653 2439 844 2493 ambos
876 2437 1153 2507 quadrare
1187 2435 1240 2492 in
1297 2451 1502 2492 annum
1532 2437 1757 2507 ἀμέσως
1806 2440 2230 2508 praecedentem,

649 2528 906 2585 videlicet
929 2527 1143 2598 Hegirze
1173 2527 1297 2586 680.
1326 2529 1428 2585 llic
1450 2543 1628 2585 annus
1657 2529 1872 2585 initium
1903 2530 2059 2586 duxit
2082 2546 2114 2586 a
2145 2533 2232 2590 die

645 2620 718 2676 22
751 2623 950 2694 Aprilis
984 2619 1190 2678 Juliani
1221 2637 1371 2678 anno
1398 2621 1606 2679 Christi
1641 2620 1802 2690 1281,
1845 2624 2008 2678 desiit
2046 2636 2228 2681 autem

646 2716 735 2771 die
764 2709 975 2772 decima
1019 2714 1264 2784 ejusdem
1296 2712 1502 2783 Aprilis
1551 2727 1696 2769 anno
1737 2713 1937 2770 Christi
1978 2717 2230 2786 sequenti

647 2809 813 2866 1282.
842 2805 965 2863 Fuit
987 2823 1165 2864 annus
1185 2806 1390 2863 Christi
1414 2805 1558 2873 1282
1582 2807 1787 2878 periodi
1810 2805 2225 2865 Juliana'5995.

642 2904 868 2975 Cyclnm
895 2901 1031 2958 solis
1058 2902 1255 2956 habuit
1274 2901 1448 2957 deum
1477 2901 1659 2956 littera
1693 2899 2011 2956 Dominicali
2044 2901 2106 2969 D,
2136 2917 2229 2975 ey-

640 2993 788 3050 clum
823 3007 950 3048 vero
980 2991 1123 3046 luna:
1154 2990 1238 3046 10.
1283 2989 1363 3046 Ex
1407 2990 1494 3047 his
1527 2999 1678 3063 patet
1711 2991 1919 3049 Pascha
1950 2993 2068 3061 ejus
2099 2993 2227 3049 anni

641 3099 944 3159 occupasse
969 3086 1112 3142 diem
1143 3084 1215 3140 20
1240 3085 1446 3141 mensis
1478 3083 1680 3141 Iuliani
1715 3085 1916 3141 Martii.
1955 3088 2082 3142 Haec
2110 3087 2228 3142 dies

641 3182 834 3237 deesse
859 3195 966 3235 non
992 3178 1170 3250 potuit
1188 3181 1318 3249 quin
1349 3179 1559 3233 ambitu
1583 3179 1789 3235 mensis
1808 3179 2030 3235 Arabici
2058 3179 2226 3236 Dltul-
2254 3160 2298 3220 θ

645 3275 795 3342 Baias
821 3273 992 3346 819
1029 3277 1083 3330 in
1111 3289 1254 3331 anno
1281 3271 1494 3344 Hegiraa
1523 3271 1628 3329 680
1671 3273 2049 3342 clauderetur,
2085 3289 2225 3345 quo-

646 3371 793 3426 niam
838 3369 886 3427 is
932 3384 1107 3425 annus
1155 3384 1184 3422 a
1240 3367 1314 3423 22
1369 3365 1573 3436 Aprilis
1617 3368 1748 3422 anni
1799 3367 1933 3424 Chr.
1965 3366 2097 3422 1281
2144 3367 2228 3423 in-

643 3463 873 3518 choatus
903 3475 1080 3532 usque
1123 3460 1190 3515 ad
1249 3458 1320 3514 10
1368 3457 1573 3527 Aprilis
1616 3472 1709 3512 an.
1739 3456 1872 3514 Chr.
1925 3458 2065 3515 1282
2104 3475 2231 3530 pro-

647 3556 885 3610 tenditur
937 3573 952 3609 :
1002 3550 1312 3609 Dhul-llaia
1359 3564 1490 3606 vero
1547 3549 1784 3605 ultimus
1838 3551 2044 3606 mensis
2091 3552 2228 3608 anni

641 3652 859 3708 Arabici
919 3647 1112 3721 viginti
1172 3661 1364 3704 novem
1423 3654 1732 3716 postremos
1786 3644 1903 3714 ejus
1948 3644 2074 3698 anni
2108 3645 2227 3701 dies

641 3745 908 3810 continu,
938 3745 1028 3812 qui
1066 3758 1190 3799 cum
1243 3752 1393 3798 retro
1431 3739 1702 3795 numerati
1737 3754 1766 3793 a
1822 3740 1889 3796 10
1917 3739 2124 3811 Aprilis
2153 3741 2220 3798 ad

642 3838 715 3896 15
767 3837 946 3893 Martii
1011 3837 1372 3906 perveniant,
1431 3835 1503 3890 ibi
1581 3834 1825 3904 defigunt
1882 3837 2222 3892 neomeniam

641 3933 988 3988 Dbul-Haize.
1025 3930 1184 3986 Prior
1212 3931 1375 4001 igitur
1419 3933 1703 3985 character
1745 3928 2031 3986 manifeste
2069 3944 2225 3987 com-

636 4029 771 4100 petit
801 4044 944 4083 anno
970 4025 1182 4096 Hegira:
1208 4026 1334 4082 680.
1377 4025 1489 4082 Nec
1511 4026 1690 4082 minus
1723 4025 2007 4083 evidenter
2036 4038 2222 4098 poste-

639 4121 752 4174 rior
786 4116 963 4173 cidem
997 4116 1312 4185 adaptatur.
1356 4115 1492 4171 Nam
1543 4117 1839 4172 vicesimus
1897 4132 2070 4173 nouus
2102 4117 2220 4174 dies

636 4209 841 4274 Martii,
874 4225 1033 4280 queui
1081 4207 1255 4265 fuisse
1313 4208 1456 4265 diem
1493 4206 1717 4264 Paschae
1763 4211 2105 4268 ostendimus
2164 4214 2219 4266 in

635 4320 780 4361 anno
809 4303 1010 4360 Christi
1057 4302 1219 4369 1282,
1269 4300 1373 4358 fuit
1421 4303 1739 4357 necessario
1773 4303 2023 4359 decimus
2053 4306 2220 4376 septi-

636 4413 758 4454 mus
792 4396 1110 4452 Dhul-Hais:
1148 4395 1354 4452 mensis
1401 4395 1618 4450 Arabici
1646 4436 1661 4461 ,
1692 4396 1962 4465 siquidem
1997 4397 2041 4452 is
2072 4397 2219 4452 ince-

634 4491 739 4562 pit,
774 4488 860 4564 [P.
893 4487 1021 4562 594]
1058 4498 1117 4544 ut
1148 4499 1230 4546 est
1274 4490 1496 4553 dictum,
1542 4503 1574 4544 a
1602 4489 1688 4543 die
1719 4491 1786 4545 15
1819 4489 2014 4546 Martii.
2049 4490 2218 4546 Porro

633 4586 701 4642 ad
735 4585 876 4640 diem
912 4583 983 4639 29
1015 4583 1226 4650 Martii,
1282 4598 1401 4654 quze
1450 4580 1674 4638 Pascha:
1707 4583 1984 4639 Dominica
2017 4583 2140 4648 fuit,
2171 4586 2215 4640 si

633 4689 746 4734 tres
765 4677 933 4734 ferias
959 4677 1243 4750 adjungas,
1263 4677 1584 4743 secundam,
1615 4679 1829 4732 tertiam
1863 4687 1916 4734 et
1943 4687 2217 4748 quartam,

633 4773 776 4830 hanc
827 4772 1071 4843 profecto
1124 4770 1372 4826 ultimam
1429 4771 1672 4826 residere
1725 4770 2103 4841 deprehendes
2159 4771 2213 4825 in

630 4867 886 4922 Kalendis
923 4865 1126 4938 Aprilis
1160 4862 1381 4928 Iuliani,
1417 4864 1470 4918 in
1525 4874 1661 4933 quas
1697 4864 1887 4920 incidit
1920 4864 2213 4921 vicesimus

629 4961 748 5016 dies
797 4959 1019 5015 Arabiei
1080 4956 1417 5014 Dbul-ilaias.
1477 4956 1620 5029 Ergo
1683 4958 1980 5012 vicesimus
2045 4955 2212 5012 Dhul-

632 5055 780 5110 llaize
831 5069 977 5109 anno
1031 5051 1246 5123 llegim
1298 5051 1404 5107 680
1464 5050 1567 5107 fuit
1618 5053 1734 5108 dies
1791 5051 2042 5107 Mercurii
2099 5053 2213 5107 sive

629 5156 821 5219 quarta
875 5148 1042 5216 feria;
1095 5146 1189 5218 qui
1267 5156 1386 5202 erat
1460 5147 1740 5202 secundus
1783 5144 2212 5215 chronologicus

629 5243 916 5298 character
962 5255 1200 5307 annum,
1239 5254 1347 5311 quo
1391 5249 1474 5293 est
1526 5236 1710 5293 Abaka
1758 5249 2040 5305 mortuus,
2076 5239 2212 5294 insi-

627 5337 844 5408 guiens.
876 5334 1056 5402 Quare
1088 5337 1232 5390 hunc
1255 5333 1638 5403 imperatorem
1675 5329 2067 5399 Mogulensium
2103 5346 2209 5388 non

626 5445 771 5485 anno
805 5429 1014 5499 Hegirm
1073 5427 1212 5494 681,
1281 5437 1339 5482 ιιι
1386 5441 1669 5498 perperam
1717 5426 1768 5479 in
1820 5423 2208 5494 Abulpharagii

628 5524 902 5578 Chronico
955 5516 1254 5587 scribitur,
1305 5523 1399 5574 sed
1449 5516 1778 5584 prmeedenti
1834 5513 2050 5587 Hcgira:
2107 5515 2211 5570 680

625 5633 812 5673 Vivere
841 5632 906 5672 ac
936 5632 1164 5688 regnare
1194 5615 1421 5670 desiisse
1449 5615 1743 5669 tenendum
1786 5627 1885 5682 pro
1911 5621 2066 5664 certo
2103 5621 2204 5665 est.

626 5713 781 5768 Unde
814 5715 932 5782 quas
966 5709 1211 5782 proxime
1240 5708 1603 5764 antecessisse
1651 5708 1761 5762 illic
1808 5705 2063 5780 dicuntur
2091 5705 2208 5774 ejus

626 5807 832 5864 obitum
866 5805 1239 5876 expeditiones
1290 5801 1688 5875 Mogulensium
1722 5801 1774 5858 in
1811 5797 2024 5869 Syriam
2062 5797 2206 5868 duae,

2245 4531 2297 4592 D

2353 950 2583 1004 tnillium
2638 954 2904 1021 moverit,
2951 953 3162 1011 habens
3209 967 3473 1026 praeterea
3507 974 3694 1016 secum
3722 961 3936 1018 sociales

2352 1044 2714 1099 Arutcnorttm
2778 1045 2990 1114 copias.
3037 1062 3164 1120 rege
3203 1050 3323 1120 ipso
3356 1051 3632 1106 Armenias
3666 1059 3934 1110 ductante.

2349 1134 2414 1190 lli
2486 1139 2650 1192 simul
2701 1155 2893 1198 omnes
2955 1156 3078 1196 cum
3129 1141 3283 1216 Syris
3340 1153 3398 1200 et
3453 1145 3736 1220 Egyptiis
3785 1149 3935 1206 dubio

2351 1229 2522 1287 Marte
2549 1232 2690 1290 inter
2738 1232 2963 1289 Hamam
2997 1246 3051 1291 et
3078 1235 3366 1295 Hemesam
3394 1240 3788 1300 conﬂixerunt.
3817 1243 3935 1300 lnde

2348 1323 2545 1395 Mnnga
2596 1325 2855 1383 Timurus
2906 1342 2982 1384 se-
3017 1328 3087 1385 ad
3138 1329 3385 1387 Abakam
3427 1332 3702 1401 recipiens
3733 1349 3853 1387 cum
3885 1336 3930 1390 in

2350 1414 2794 1483 Mesopotamiam
2823 1421 3191 1492 pervenisset,
3216 1423 3293 1479 lbi
3319 1439 3385 1480 ex
3419 1434 3636 1482 veneno
3670 1442 3770 1498 per
3794 1426 3932 1482 fran-

2348 1507 2476 1564 dem
2504 1512 2801 1580 propinata
2853 1511 2906 1568 in
2936 1513 3136 1571 itinere
3168 1529 3367 1574 versus
3396 1517 3613 1576 Nisibin
3641 1521 3930 1578 exstinctus

2343 1612 2454 1664 est.
2508 1603 2828 1660 earumdem
2883 1606 3146 1666 videlicet
3188 1610 3404 1668 insidiis
3450 1615 3543 1685 qui
3608 1632 3718 1671 non
3775 1619 3930 1672 multo

2345 1708 2471 1766 post
2498 1699 2741 1756 Abaltam
2773 1703 2952 1770 ipsum
2995 1705 3116 1774 pari
3169 1708 3378 1764 scelere
3435 1725 3500 1767 ac
3532 1711 3660 1767 dolo
3693 1729 3928 1783 pereme-

2277 1789 2324 1843 B
2356 1802 2479 1847 runt
2514 1811 2527 1849 :
2567 1809 2694 1850 nam
2727 1794 2954 1854 eﬂbctus
2984 1805 3094 1853 tam
3124 1801 3326 1870 gemini
3367 1815 3516 1860 recte
3550 1821 3648 1860 uni
3679 1817 3734 1861 et
3767 1810 3924 1863 eidem

2348 1886 2689 1955 impotentur
2721 1904 2924 1956 causae,
2957 1891 3084 1949 odio
3125 1897 3486 1958 quorumdam
3519 1900 3924 1969 conjuratorum

2346 1978 2401 2032 in
2458 1978 2659 2037 Abakre
2703 1982 2947 2041 domum.
2997 1983 3069 2042 At
3115 1988 3183 2044 de
3236 1989 3321 2047 his
3386 2005 3490 2063 pro
3530 1993 3785 2051 instituto
3817 1996 3926 2067 plus

2341 2072 2506 2132 satis.

2436 2256 2554 2314 XV.
2615 2261 2815 2317 Abakie
2884 2273 3104 2323 mortuo
3159 2271 3427 2327 successit
3479 2272 3603 2345 ejus
3650 2275 3922 2336 insidiator
4022 2291 4023 2312 ‘

2342 2351 2616 2408 Abmedes
2647 2364 2702 2408 et
2748 2354 2865 2426 ipse
2907 2358 3048 2415 Illius
3078 2357 3310 2430 llulacu,
3356 2363 3450 2420 sed
3480 2365 3590 2422 alia
3626 2378 3802 2426 matre
3829 2387 3920 2426 na-

2345 2456 2449 2512 tus,
2497 2461 2562 2501 ex
2600 2463 2706 2518 qua
2767 2460 3133 2522 praeterquam
3185 2456 3525 2513 novercalem
3591 2459 3648 2515 in
3693 2459 3916 2517 Ahakam

2337 2539 2578 2595 animum
2611 2542 2832 2597 trahere
2854 2544 3054 2613 potuit,
3089 2546 3253 2603 etiam
3286 2548 3583 2609 instinctus
3613 2554 3829 2611 videtur
3858 2557 3918 2612 ad

2339 2633 2587 2686 eumdem
2629 2633 2870 2690 Abakam
2906 2637 3244 2707 perdendum
3303 2641 3430 2700 odio
3484 2644 3819 2704 Christianae
3842 2664 3919 2705 re-

2338 2723 2576 2792 ligionis,
2608 2725 2766 2796 cujus
2797 2727 3062 2784 cultorem
3104 2727 3274 2787 fuisse
3318 2732 3565 2790 Abakam
3600 2737 3753 2794 clare
3783 2741 3913 2794 διητ-

2339 2825 2452 2869 mat
2505 2817 2968 2888 Abulpharagius,
3003 2820 3130 2875 dum
3179 2837 3306 2878 eum
3359 2824 3678 2884 celebrasse
3727 2831 3914 2887 festum

2335 2909 2558 2966 Pascha:
2592 2928 2699 2967 una
2734 2929 2859 2970 cum
2893 2913 3222 2973 Christianis
3259 2919 3477 2978 scribit.
3522 2920 3701 2995 Hujus
3725 2926 3912 2982 Ahme-
4022 2919 4023 2930 “

2333 3003 2420 3058 dis
2476 3012 2595 3059 acta
2649 3007 2991 3076 principatus
3049 3011 3231 3066 omnia
3276 3013 3604 3086 rediguntur
3657 3020 3710 3073 in
3763 3035 3912 3075 unam

2334 3096 2605 3168 prolixam
2636 3098 2923 3167 epistolam
2972 3101 3028 3155 in
3070 3107 3604 3167 commendationem
3663 3113 3911 3170 Alcorani

2335 3197 2389 3244 et
2432 3189 2842 3258 superstitionis
2881 3191 3258 3254 Mahometlcas
3290 3199 3356 3255 ad
3387 3202 3666 3261 sultanem
3701 3205 3909 3280 Egypti

2333 3281 2631 3351 scriptam,
2695 3299 2860 3353 quam
2902 3285 3341 3362 Abulpharagius
3392 3295 3616 3363 recitat,
3661 3303 3918 3357 continuo
4022 3317 4023 3334 ι

2335 3370 2585 3428 referens
2621 3373 2994 3446 indulgentem
3026 3379 3323 3438 Ahmedem
3350 3385 3552 3442 dttdum
3589 3389 3762 3462 820
3789 3407 3910 3448 con-

2333 3475 2490 3558 cepto
2537 3467 2590 3523 in
2630 3467 2832 3525 Abakre
2889 3471 3152 3530 familiam
3211 3474 3408 3545 furori,
3467 3481 3595 3537 dum
3644 3485 3904 3558 Argunem

2333 3557 2535 3615 Ahaka
2583 3559 2752 3617 lilium
2789 3564 2978 3620 studet
3017 3568 3349 3639 opprimere,
3403 3575 3473 3628 ab
3507 3588 3573 3632 eo
3631 3587 3688 3634 et
3726 3557 3774 3635 ei
3805 3588 3907 3634 stu-

2334 3653 2584 3712 dentibus
2636 3655 2809 3712 fuisse
2847 3660 3306 3723 comprehensum
3335 3673 3385 3719 et
3418 3670 3684 3726 custodia:
3715 3671 3906 3728 manci-

2331 3759 2514 3816 patum
2543 3748 2632 3804 die
2676 3749 2934 3807 Mercurii
2961 3750 3174 3809 Jomadi
3206 3757 3408 3825 prioris
3437 3761 3756 3831 undecimo,
3783 3765 3902 3820 anei

2332 3839 2546 3911 Hegira:
2599 3841 2731 3910 685,
2787 3845 2882 3916 qui
2937 3846 3148 3917 incepit
3202 3863 3234 3904 α
3293 3851 3379 3908 die
3420 3852 3493 3909 20
3546 3854 3732 3912 Martii
3771 3872 3902 3914 anno

2328 3933 2535 3990 Christi
2588 3935 2749 3992 1284.
2800 3937 2896 3994 Est
2971 3937 3182 3999 Jomadi
3239 3944 3390 4015 prior
3443 3947 3672 4018 quintus
3720 3950 3902 4006 ordine

2329 4027 2531 4084 mensis
2565 4029 2617 4083 in
2645 4045 2786 4086 anno
2811 4031 3082 4100 Arabico;
3117 4036 3271 4107 cujus
3304 4037 3564 4096 Kalendae
3593 4058 3624 4096 a
3665 4041 3736 4098 20
3765 4042 3900 4097 Mar-

2326 4121 2382 4175 tii
2420 4135 2718 4180 numeratae
2773 4125 3022 4182 incidunt
3089 4129 3142 4184 in
3204 4131 3472 4192 decimum
3517 4151 3731 4193 sextum
3780 4139 3896 4194 Julii

2326 4215 2445 4286 ejus
2503 4214 2705 4272 Christi
2763 4218 2889 4272 anni
2933 4218 3074 4275 1284
3125 4222 3466 4296 bissextilis,
3506 4229 3665 4299 cujus
3717 4233 3897 4304 cyclus

2323 4309 2456 4365 solis
2487 4306 2585 4363 fuit
2614 4309 2649 4364 5
2675 4319 2727 4364 et
2759 4311 2940 4367 littera
2998 4313 3356 4375 Dominicalis
3393 4319 3435 4374 B
3473 4323 3538 4389 Α,
3575 4327 3719 4380 unde
3759 4335 3895 4398 patet

2325 4403 2670 4458 undecimum
2700 4402 2914 4462 Jomadi
2947 4406 3143 4478 prioris
3171 4424 3360 4466 revera
3393 4412 3562 4472 fuisse
3591 4420 3730 4472 diem
3762 4420 3896 4474 Mere

2325 4497 2459 4548 curii
2493 4511 2510 4550 :
2544 4499 2666 4553 talis
2700 4497 2846 4552 enim
2893 4497 2996 4554 fuit
3027 4499 3165 4556 feria
3195 4503 3267 4559 26
3297 4506 3417 4562 dies
3457 4504 3609 4575 Julii,
3646 4527 3766 4566 cum
3801 4528 3890 4567 uu-

2323 4589 2535 4644 decimo
2575 4587 2662 4646 die
2692 4587 2906 4646 Jomadi
2943 4593 3144 4664 prioris
3188 4597 3525 4658 coincidens.
3557 4599 3677 4658 Jam
3727 4611 3834 4658 tum
3862 4620 3887 4658 a

2321 4678 2508 4735 clauso
2537 4684 2591 4735 in
2619 4695 2843 4737 carcere
2879 4681 3121 4740 Ahmede
3151 4690 3318 4758 erepit
3338 4689 3734 4763 Magulensinm
3763 4711 3889 4750 con-

2318 4789 2482 4828 sensu
2556 4774 2829 4846 imperare
2879 4778 3062 4847 Argon
3106 4779 3265 4836 titulo
3315 4781 3518 4841 Chattis
3578 4799 3884 4862 assumpto;

2320 4880 2444 4919 nam
2508 4867 2769 4938 deinceps
2823 4867 3190 4940 Argun-Clian
3254 4881 3339 4929 est
3391 4873 3589 4934 dictus.
3653 4878 3889 4937 Meminit

2320 4956 2480 5026 hujus
2515 4956 2888 5029 Pachyniercs
2924 4978 2976 5031 p.
3025 4963 3132 5019 527
3163 4967 3426 5037 .Argancn
3465 4967 3641 5029 Kanin
3676 4989 3883 5030 vocans.

2316 5042 2664 5107 Censucrttnt
2721 5064 2904 5107 autem
2938 5040 3222 5126 principes
3263 5061 3588 5138 Ahtttedem,
3643 5072 3697 5121 ut
3733 5068 3883 5121 caedis

2315 5142 2786 5202 Abachw-Chanis
2825 5163 2999 5216 reum,
3047 5151 3171 5218 jure
3218 5167 3384 5222 posse
3434 5157 3694 5227 interfici;
3733 5160 3882 5231 idque

2315 5251 2568 5298 auctores
2603 5241 2704 5315 ipsi
2753 5242 2978 5313 iubendi
3018 5257 3196 5306 erant.
3240 5250 3439 5308 Verum
3489 5254 3578 5312 ille
3608 5260 3876 5318 recusavit,

2314 5333 2445 5387 satis
2487 5333 2691 5390 habens
2741 5335 3043 5393 Altmedem
3104 5341 3262 5397 matri
3310 5341 3614 5416 Kuugortai
3646 5359 3698 5404 et
3731 5349 3877 5417 hujus

2317 5425 2444 5481 filiis
2476 5425 2698 5494 dedere,
2749 5430 2840 5498 qui
2876 5445 2999 5486 eum
3037 5434 3358 5491 occiderunt
3406 5439 3460 5493 in
3497 5441 3753 5497 ultionem
3784 5455 3872 5510 pa-

2316 5531 2483 5577 terna:
2517 5521 2679 5578 caedis
2709 5522 2795 5577 die
2821 5521 2856 5577 2
2898 5521 3111 5580 Jomadi
3156 5531 3499 5601 posterioris,
3531 5549 3646 5604 quae
3675 5535 3783 5588 dies
3821 5537 3868 5588 in

2313 5613 2503 5668 feriam
2538 5615 2664 5668 item
2700 5626 2948 5684 quartam
2983 5620 3198 5686 incidit,
3237 5631 3290 5676 ut
3327 5624 3404 5678 ait
3454 5626 3869 5698 Abulpharagius

2311 5711 2581 5762 elvrruin
2639 5706 2914 5779 cernitur,
2953 5711 3222 5782 siquidem
3280 5715 3494 5775 Jomadi
3547 5721 3863 5794 posterioris.

2311 5805 2446 5860 sexti
2482 5804 2682 5861 mensis
2729 5803 2988 5876 Arabum,
3043 5810 3162 5869 dies
3210 5813 3481 5870 secundus
3517 5814 3570 5871 in
3624 5814 3757 5873 diem
3807 5829 3861 5872 eo
