4086 6236
250 261 338 329 877

1519 247 2163 317 CHBONOLOGICUS

3374 242 3478 308 R78

246 390 367 429 anno
407 370 605 428 Christi
654 369 789 425 1981
819 367 964 425 cedit
1009 375 1224 426 sextum
1278 367 1549 424 decimum
1597 364 1798 421 mensis
1826 369 1870 422 Α
1898 363 2152 433 primum.
2191 359 2385 416 deinde
2419 360 2603 416 fratris
2648 358 2884 417 Casanis
2919 358 3245 416 auctoritate
3281 374 3474 428 regen-

243 466 471 535 Augusti,
496 463 589 518 cui
620 464 724 520 diei
763 463 829 519 ad
880 466 1179 530 marginem
1209 462 1420 530 adjacet
1461 461 1516 516 in
1553 460 1797 516 Romano

241 558 548 613 Kalendario
587 558 772 612 littera
818 554 884 622 Ι),
915 563 1040 610 nota
1077 564 1286 626 quartas
1341 553 1526 620 feriae,
1558 553 1795 622 quando,

241 663 288 704 ut
327 661 471 714 tunc,
506 653 685 705 littera
724 649 876 704 feria:
912 649 1106 720 prima
1155 649 1270 704 sive
1303 647 1604 703 Dominieae
1634 647 1795 701 inde:

237 755 312 798 est
339 746 401 798 Α.
455 743 555 799 Ηιο
599 745 795 796 desinit
853 742 1164 799 Chronicon
1222 741 1658 811 Abulpharagii;
1707 739 1796 794 cui

239 839 449 893 Latinus
503 840 775 907 interpres
825 838 1132 905 perutiliter
1189 836 1629 905 supplementum
1669 841 1802 887 atte-

237 933 342 985 xuit
371 947 433 984 ex
474 928 860 995 Ai-Jannabro,
909 929 1173 983 Abulfeda
1199 970 1212 986 .
1279 928 1390 982 Ebn
1447 925 1702 998 Yusepho
1744 933 1799 977 et

237 1024 345 1075 aliis
380 1022 728 1090 chronologis
776 1021 1047 1075 Arabibus
1102 1036 1459 1085 expressum,
1524 1015 1678 1072 unde»
1714 1021 1800 1070 hic

235 1117 548 1187 Moguiensis
581 1115 794 1182 imperii
860 1125 1104 1169 extrema
1149 1125 1410 1182 tempora,
1443 1122 1702 1182 quantum
1734 1119 1799 1166 ad

237 1225 337 1265 rem
365 1220 601 1263 nostram
644 1207 911 1273 conferet,
958 1208 1266 1262 reddemus.

322 1387 377 1441 P.
411 1387 543 1460 595]
592 1385 734 1442 XVI.
789 1385 1158 1456 ArgnmChan
1213 1401 1354 1442 anno
1385 1386 1516 1456 Heg.
1554 1384 1680 1448 690,
1710 1382 1800 1451 qui

233 1499 257 1537 a
290 1483 370 1540 die
401 1483 435 1536 ι
471 1481 714 1537 Januarii
765 1483 891 1536 anni
947 1481 1148 1537 Christi
1205 1480 1330 1536 l29l
1371 1480 1528 1535 duxit
1561 1481 1800 1540 initium,

233 1578 378 1633 linem
420 1576 721 1648 imperandi
787 1585 841 1630 et
894 1575 1108 1630 vivendi
1168 1574 1322 1637 fecit,
1359 1588 1588 1633 venerio.
1630 1582 1687 1625 nt
1718 1581 1802 1625 est

232 1671 510 1738 creditum,
552 1671 802 1726 sublatus
841 1683 871 1724 a
901 1669 1126 1733 Judmis,
1164 1683 1350 1723 mense
1378 1667 1549 1722 Rabia
1581 1671 1748 1736 priori
1784 1683 1798 1720 :

234 1767 308 1818 hic
342 1765 537 1819 tertius
583 1772 665 1818 est
717 1763 770 1817 in
813 1777 958 1816 anno
992 1760 1248 1826 Arabico,
1275 1772 1329 1814 et
1351 1771 1479 1814 tunc
1511 1759 1707 1826 majori
1737 1775 1798 1813 ex

233 1867 372 1924 parte
429 1856 633 1911 Martio
708 1853 928 1909 Iuliano
983 1854 1285 1922 respondit.
1342 1851 1480 1906 Huic
1540 1855 1807 1915 successit

229 1948 442 2005 Caicluu
465 1949 576 2015 vel,
611 1956 668 2002 ut
715 1947 810 2002 alii
845 1945 1118 2011 scribunt,
1146 1941 1408 2011 Canium,
1434 1948 1521 1999 cui
1558 1958 1802 2001 commu-

1900 457 1983 510 dis
2014 460 2336 526 praesentem
2374 454 2696 525 impendens
2740 468 2986 518 operam.
3016 450 3195 522 Cujus
3236 461 3346 506 tam
3381 470 3477 518 ρος

1899 548 2065 602 tentis
2092 545 2258 603 vieini
2291 547 2634 605 Andronicus
2673 556 2987 611 imperator,
3022 551 3195 618 patris
3237 545 3478 602 Michae-

1900 643 1968 696 lis
1998 643 2324 708 imitatione,
2359 645 2591 711 gratiam
2625 642 2727 697 sibi
2781 644 3000 698 firmare
3044 643 3307 697 afﬁnitate
3368 653 3482 697 stuc

1899 739 2038 800 duit,
2075 735 2240 790 tiliam
2283 737 2332 791 ei
2365 735 2591 790 Mariam
2637 736 2840 791 volenti
2872 736 3284 804 despondendo,
3335 735 3476 804 quod

1902 838 2087 883 narrat
2119 837 2304 884 noster
2349 843 2401 884 c.
2457 828 2547 892 27,
2603 829 2641 884 i.
2705 845 2789 886 tu.
2830 828 2955 884 Haec
3001 831 3154 895 longa
3191 829 3481 881 Tuctainis

1902 922 2038 976 bella
2076 922 2336 978 videntur
2362 926 2607 978 tenuisse
2642 923 2711 977 ab
2744 937 2886 978 anno
2917 925 3137 978 circiter
3161 920 3295 977 Chr.
3341 920 3479 973 1290

1902 1019 1965 1070 ad
2011 1017 2169 1077 1296.

1972 1199 2137 1256 XVII.
2187 1200 2414 1256 Sublato
2447 1217 2476 1257 e
2510 1202 2688 1258 medio
2734 1202 2987 1265 Caicbtu,
3024 1218 3345 1260 successore
3373 1208 3477 1260 Ar.

1903 1294 2270 1364 gon-Chattis,
2325 1296 2512 1358 Βτιὶιιιι,
2552 1297 2641 1364 qui
2688 1311 2807 1349 eum
2857 1305 3230 1367 oppresserat,
3272 1297 3322 1351 in
3359 1297 3478 1365 eius

1904 1398 1963 1439 se
2005 1386 2197 1440 solium
2237 1386 2478 1440 intrusit.
2521 1388 2624 1442 Sed
2649 1389 2696 1442 ei
2729 1388 2935 1442 obstitit
2966 1390 3230 1446 Cazanes.
3269 1392 3482 1458 Arguti-

1903 1477 2104 1532 Cbauis
2141 1478 2397 1544 tiliorum,
2429 1490 2488 1532 ut
2518 1481 2750 1547 videtur,
2785 1490 2912 1536 natu
2946 1485 3238 1543 maximus.
3278 1485 3479 1537 avitum

1906 1579 2298 1641 paternumque
2329 1572 2615 1641 imperium
2653 1572 2756 1626 sibi
2782 1575 2951 1630 armis
2983 1564 3286 1629 vindicans.
3324 1575 3483 1631 Cum-

1908 1660 2077 1717 misso
2110 1664 2291 1732 itaque
2338 1661 2481 1719 inter
2516 1668 2664 1732 regni
2707 1666 3031 1720 candidatos
3073 1667 3284 1736 pra-lin,
3310 1663 3481 1722 Baidu

1910 1753 2216 1824 proditione
2244 1769 2464 1810 suorum
2498 1756 2675 1812 victus
2704 1765 2758 1812 et
2790 1758 3002 1812 occisus
3027 1752 3258 1814 liberum
3286 1760 3484 1814 :emulo

1910 1849 2111 1904 Cazani
2152 1850 2372 1921 reliquit
2403 1853 2715 1921 imperium,
2745 1865 3031 1924 postquam
3067 1855 3194 1911 illud
3233 1870 3329 1925 per
3360 1865 3486 1910 octo

1910 1942 2132 1998 circiter
2174 1959 2390 2001 menses
2456 1948 2764 2017 occupavit.
2830 1947 3070 2018 Contigit
3119 1964 3265 2008 mors
3316 1947 3482 2006 baidu

230 2053 306 2100 nis
342 2059 464 2100 cum
491 2041 902 2114 Argun-Cbane
931 2051 1090 2111 pater
1125 2039 1229 2094 fuit
1267 2037 1473 2095 Abaka.
1513 2037 1666 2093 liunc
1691 2052 1810 2093 mo-
1909 2047 2098 2090 mense
2134 2034 2436 2091 Dhul-llaia
2474 2035 2717 2106 ejusdem
2749 2040 2876 2094 anni
2914 2039 3048 2110 Heg.
3096 2040 3222 2109 694,
3266 2043 3368 2097 hoc
3402 2055 3488 2094 est

231 2153 337 2192 rum
379 2136 733 2206 improbitate
772 2132 887 2187 suis
913 2146 1136 2187 exosum
1171 2129 1376 2186 factum
1412 2127 1804 2199 Mogulensium

231 2231 459 2302 plerique
507 2231 651 2284 facta
693 2225 1093 2297 coniuratione,
1144 2223 1298 2294 cuius
1340 2222 1448 2277 dux
1500 2221 1602 2277 fuit
1630 2221 1805 2278 Baidn

235 2320 368 2380 illius
427 2322 654 2394 Tal-gilii
709 2320 895 2375 fratris
945 2316 1168 2381 Abakm,
1215 2316 1512 2387 fugientem
1569 2315 1806 2371 assecuti

229 2417 584 2479 trucidarunt,
618 2426 764 2472 anno
795 2409 1008 2478 Hegira:
1037 2409 1164 2474 694,
1212 2408 1366 2477 cujus
1395 2411 1655 2464 Kalendae
1689 2407 1805 2462 Mn-

230 2507 464 2563 harrami
499 2506 650 2561 diem
690 2510 1035 2569 occuparunt
1089 2502 1152 2556 2i
1206 2500 1532 2555 Novembris
1574 2501 1626 2554 in
1665 2513 1806 2552 anno

223 2599 414 2656 Christi
468 2597 656 2665 1294;
713 2595 855 2650 unde
902 2594 1104 2649 mensis
1157 2592 1331 2649 Babia
1363 2597 1654 2663 posterior,
1695 2609 1803 2663 quo

223 2691 434 2747 Caichtrr
465 2690 676 2745 dicitur
704 2687 953 2752 occisus,
986 2696 1288 2743 extremam
1326 2686 1529 2742 Juliani
1552 2685 1801 2742 Febr-ua.

225 2785 285 2839 rii
311 2791 365 2838 et
391 2784 640 2854 priorem
678 2779 858 2836 Martii
891 2790 1104 2849 partem
1140 2780 1347 2835 insedit
1385 2780 1440 2835 in
1466 2794 1611 2834 anno
1642 2781 1803 2836 Chri—

225 2878 287 2933 sti
320 2875 480 2934 1295.
536 2876 680 2933 Puto
736 2881 980 2928 extremo
1032 2873 1442 2941 Argun-Chanis
1490 2874 1795 2943 principatu

224 2971 510 3039 cogitatum
551 2971 622 3023 ab
655 2982 722 3022 eo
754 2967 822 3019 de
856 2966 1242 3035 recuperandis
1274 2967 1796 3036 septentrionalibus

1909 2123 2056 2178 circa
2108 2123 2270 2178 linem
2303 2123 2558 2182 Octobris
2605 2137 2695 2182 aut
2725 2128 2938 2198 initium
2989 2130 3311 2187 Novembris
3357 2134 3486 2186 anni

1909 2215 2040 2272 Chr.
2075 2216 2236 2277 1296.
2271 2217 2405 2274 llinc
2437 2221 2682 2289 procedit
2715 2222 3006 2291 imperium
3037 2223 3290 2282 Calanis.
3329 2229 3487 2294 cujus

1909 2307 2064 2363 dotes
2113 2307 2426 2378 praeclaras,
2459 2311 2703 2368 instituta
2732 2315 3048 2380 laudabilia,
3081 2327 3201 2373 acta
3250 2319 3487 2374 illustria

1907 2404 2077 2460 eii‘use
2128 2402 2355 2465 laudans
2402 2419 2667 2464 memorat
2717 2409 3102 2484 Paehymcres,
3139 2431 3186 2468 c.
3231 2415 3282 2475 l.
3337 2417 3370 2472 l.
3413 2429 3486 2470 ιη.

1910 2499 2017 2554 Res
2047 2511 2208 2568 gestae
2233 2506 2314 2557 sic
2339 2507 2651 2561 summatim
2691 2508 3135 2578 perstringuntur
3161 2507 3218 2563 in
3258 2509 3487 2580 Supple-

1909 2599 2092 2645 mento
2120 2590 2382 2650 ClirOnici
2413 2597 2829 2666 Abnlpharagii.
2865 2600 3022 2653 Auno
3059 2596 3191 2670 "eg.
3229 2600 3355 2666 697,
3395 2603 3487 2670 qui

1906 2685 2076 2756 empit
2113 2701 2149 2740 a
2189 2687 2277 2743 die
2332 2688 2396 2745 l9
2447 2686 2703 2745 Octobris
2739 2694 2867 2746 anni
2918 2692 3052 2747 Chr.
3086 2691 3244 2748 129³7.
3303 2693 3490 2748 occiso

1909 2776 2137 2840 Nirttso,
2183 2779 2344 2850 cuius
2391 2782 2700 2850 proditione
2741 2783 2904 2837 Baidu
2948 2782 3126 2844 fuerat
3170 2800 3487 2855 oppressus,

1906 2869 2127 2940 Alabegi
2165 2872 2478 2943 dignitatem
2516 2876 2671 2945 (erat
2708 2875 2758 2929 id
2799 2893 3007 2932 nomen
3035 2879 3265 2934 illustris
3294 2880 3347 2932 in
3383 2881 3491 2932 im-

1902 2964 2059 3031 perio
2092 2961 2388 3032 Mogulensi
2429 2968 2818 3039 magistratus)
2855 2985 2956 3039 qua
3005 2969 3236 3027 Niruzus
3268 2973 3488 3031 functus

221 3061 439 3134 Europae
482 3061 787 3135 provinciis
819 3061 956 3114 ultra
995 3058 1337 3129 Bulgariam;
1390 3074 1546 3129 quas.
1601 3070 1668 3110 ut
1717 3060 1872 3126 estC
1904 3054 2099 3121 fuerat,
2137 3059 2410 3113 transtulit
2443 3059 2496 3115 in
2549 3061 2715 3115 Kotlu
2750 3060 2991 3129 Salium;
3023 3081 3180 3134 quem
3231 3067 3485 3123 eumdem

222 3158 462 3226 superius
531 3155 739 3210 dictum
802 3172 857 3209 τι.
892 3153 971 3220 6,
1017 3152 1279 3220 auspiciis
1314 3153 1523 3207 Kaanis
1571 3154 1794 3208 secundi

225 3250 610 3322 Mogulensium
635 3246 990 3318 imperatoris
1024 3261 1052 3297 a
1083 3245 1254 3302 Batuo
1285 3243 1601 3315 su'bjugatas
1629 3242 1796 3312 Nega,

223 3344 296 3399 eis
350 3343 568 3399 tuendis
619 3355 649 3396 a
696 3341 865 3394 Batuo
922 3337 1200 3393 Persidem
1250 3352 1448 3394 versus
1511 3337 1799 3394 recedente

225 3436 525 3513 praefectus,
582 3446 871 3504 progressu
947 3432 1208 3501 temporis
1268 3447 1399 3487 suas
1434 3431 1660 3494 fecerat,
1701 3443 1797 3485 ou-

222 3527 459 3595 sequium
494 3526 662 3597 821
697 3524 1013 3592 imperatori
1061 3522 1301 3594 Mogulio
1333 3538 1642 3589 recusans;
1677 3524 1796 3577 diu-

221 3635 338 3692 qne,
363 3630 527 3690 prout
557 3619 745 3673 multis
777 3618 912 3673 locis
936 3615 1298 3688 Paebymeres
1317 3617 1610 3686 signiﬁcat,
1633 3615 1793 3670 istam

223 3711 567 3768 rebellionem
619 3710 840 3778 impune
881 3707 1029 3773 tulit,
1086 3707 1140 3760 in
1193 3722 1254 3760 ea
1298 3707 1462 3762 etiam
1513 3705 1795 3761 Michaelis

222 3805 372 3873 primi
405 3804 698 3870 Palaeologi
740 3802 965 3870 Augusti
1014 3800 1276 3859 affinitate
1332 3798 1600 3861 ﬁrmatus,
1631 3800 1790 3853 ducta

223 3896 388 3967 ipsius
441 3897 552 3952 filia
612 3892 988 3962 Euphrosyne.
1053 3892 1196 3944 Talis
1265 3893 1329 3947 ab
1395 3891 1794 3961 Argun-Chane

221 3992 452 4062 suscepti
494 3987 723 4045 consilii
757 3987 1047 4056 vestigium
1104 3986 1155 4039 in
1193 3985 1299 4039 line
1331 3984 1790 4055 Abulpharagiani

223 4081 471 4137 Cbronici
519 4081 772 4149 reperio,
828 4077 922 4132 ubi
981 4074 1244 4146 scriptum
1289 4071 1486 4145 legitur
1531 4089 1545 4129 :
1583 4076 1794 4145 Arguit-

223 4175 447 4231 Chanem
510 4174 735 4240 imperio
786 4172 892 4226 sibi
937 4171 1175 4225 stabilito
1237 4154 1520 4238 unicuique
1556 4169 1791 4237 ﬁliorum

221 4271 587 4341 praefecturam
617 4264 850 4336 alicujus
904 4265 1053 4335 regni
1101 4265 1188 4316 sui
1213 4263 1543 4316 exercituum
1575 4262 1791 4316 commi-

223 4363 368 4419 εἰπε,
400 4361 522 4417 Filii
576 4356 1002 4430 Argun-Cbsnis
1035 4355 1258 4411 fuerunt
1308 4355 1569 4416 Catanes,
1605 4354 1835 4430 Carm-4

1817 4421 1872 4480 D

225 4467 429 4523 paritas,
464 4455 711 4510 Tuctais.
746 4452 824 4509 Ex
870 4453 954 4508 his
984 4449 1227 4507 Casanes
1260 4453 1476 4507 videtur
1521 4454 1789 4507 exercitui

225 4558 273 4601 et
302 4549 596 4617 provinciae
635 4546 757 4602 loco
782 4545 870 4600 ubi
905 4547 1133 4615 degebat
1153 4546 1452 4615 imperator
1482 4547 1796 4616 propinquae

227 4644 567 4711 praepositus.
619 4636 753 4694 Nam
810 4647 1077 4708 occupato
1133 4639 1521 4708 postmodum,
1569 4647 1627 4691 ut
1672 4653 1798 4693 mox

226 4734 469 4802 dicetur,
523 4751 553 4789 a
596 4733 762 4790 Baidu
803 4733 1049 4802 imperio,
1087 4732 1296 4802 primus
1345 4731 1439 4802 qui
1474 4730 1798 4797 obsisteret,

226 4829 454 4892 viciniae,
487 4837 650 4900 prout
673 4837 920 4898 apparet,
964 4826 1248 4888 beneficio,
1279 4824 1513 4880 exstitit.
1551 4825 1656 4880 Alii
1692 4828 1799 4880 duo

225 4921 450 4978 Cazanis
487 4921 685 4976 fratres
713 4921 928 4989 lungius
959 4937 986 4973 a
1023 4928 1173 4988 patre
1206 4921 1464 4988 leguntur
1496 4919 1796 4985 amandati,

229 5010 485 5080 siquidem
510 5013 970 5080 Carmpantanem
1002 5013 1387 5080 Pachynieres,
1415 5025 1467 5080 p.
1495 5009 1601 5063 459
1628 5012 1800 5080 partis

232 5107 564 5171 posterioris,
602 5107 678 5159 ait
713 5106 1013 5162 exercitum
1069 5104 1122 5157 in
1175 5104 1334 5160 Indis
1358 5107 1613 5159 ductasse
1645 5120 1660 5158 :
1695 5103 1802 5158 Tuo

234 5198 461 5254 etainem
489 5203 633 5256 idem
666 5199 857 5263 refert,
881 5199 1053 5272 partis
1085 5195 1330 5267 ejusdem
1371 5198 1407 5252 Ι.
1441 5213 1526 5260 ttt,
1562 5213 1610 5252 c.
1648 5197 1718 5252 26
1745 5207 1799 5252 et

233 5289 318 5355 27,
349 5292 583 5364 longum,
644 5292 870 5346 difficile
897 5302 1063 5361 atque
1109 5306 1311 5360 anceps
1336 5306 1454 5344 eum
1499 5289 1644 5361 Nega
1678 5307 1798 5361 ges-

235 5385 364 5439 sisse
395 5385 615 5451 bellum,
644 5387 822 5456 quoad
852 5400 974 5439 eum
1004 5385 1116 5455 jam
1145 5399 1328 5438 senem
1361 5384 1478 5440 acie
1523 5385 1794 5451 postrema

235 5480 422 5533 victum
479 5481 680 5537 occidit
742 5481 1092 5549 funditusqne
1144 5476 1451 5549 proﬂigavit
1508 5479 1794 5534 factionem

239 5571 364 5638 eius.
394 5566 660 5630 restitutis
690 5575 920 5644 imperio
953 5574 1348 5644 Mogulensium
1381 5574 1657 5646 praetentis
1692 5573 1796 5628 Eu-

240 5683 356 5722 xino
393 5684 454 5726 cx
505 5683 657 5740 parte
689 5669 915 5738 Europa:
953 5669 1286 5739 regionibus,
1312 5683 1451 5737 quas
1474 5669 1596 5723 inde
1631 5665 1792 5732 Nugae

244 5759 450 5816 rebeiiio
473 5759 825 5827 aiienaverat,
855 5771 908 5818 et
935 5761 1000 5815 iis
1031 5763 1144 5831 ipse
1171 5761 1340 5828 patris
1363 5759 1791 5831 ArgunoChanis

1905 3163 2026 3204 esse
2054 3150 2302 3221 suspicor
2324 3168 2447 3208 cum
2474 3155 2878 3211 Chutluchaimo
2910 3162 3190 3214 nominato
3223 3177 3250 3213 a
3279 3158 3489 3225 Pachy—

1904 3257 2051 3297 tnerc
2085 3243 2184 3298 sub
2216 3244 2376 3298 linem
2411 3247 2573 3302 modo
2624 3251 2827 3305 laudati
2872 3266 2924 3307 c.
2986 3253 3035 3316 1,
3087 3255 3120 3306 l.
3159 3269 3233 3319 vi,
3287 3254 3374 3308 tibi
3430 3273 3483 3324 p.

1899 3338 2028 3405 459,
2083 3352 2242 3395 vocat
2294 3342 2683 3418 Χουτλουχάῖμ
2741 3348 2886 3400 κατᾶ
2935 3349 3028 3401 τὸν
3076 3348 3332 3414 Εὔξεινον
3382 3353 3486 3424 5p-

1899 3449 2065 3503 κοντα
2092 3445 2375 3503 praetorem
2421 3440 2824 3507 provinciarum
2860 3442 3074 3512 imperii
3121 3443 3371 3515 Moguliei
3416 3449 3482 3503 ad

1900 3524 2170 3583 Euxinum
2220 3529 2474 3586 sitarum.
2501 3531 2706 3590 Fuerat
2734 3535 2900 3605 822
2939 3537 3060 3600 ista,
3103 3534 3189 3608 [P.
3233 3538 3360 3611 596]
3406 3543 3484 3597 uti

1898 3619 2156 3684 diximus,
2183 3622 2510 3693 praefectura
2543 3624 2844 3682 Tuctainis.
2879 3628 3061 3696 Quare
3095 3634 3221 3688 hinc
3247 3635 3371 3689 licet
3405 3637 3486 3689 in-

1898 3713 2166 3784 telligere,
2217 3716 2360 3772 circa
2410 3728 2663 3786 quartum
2705 3728 2800 3776 aut
2829 3721 3079 3792 quintum
3136 3727 3482 3797 principatus

1895 3804 2130 3861 Cazanis
2158 3822 2361 3863 annum
2389 3809 2710 3866 Tuctainem
2737 3815 2802 3866 ad
2825 3813 3016 3871 fratris
3047 3816 3368 3888 imperantis
3395 3837 3484 3876 co-

1895 3901 2147 3952 mitatum
2198 3915 2258 3954 se
2312 3901 2685 3969 transtulisse,
2731 3904 2966 3960 forsitan
3019 3923 3084 3963 eo
3123 3910 3368 3977 vocante,
3424 3919 3482 3966 ut

1893 4004 2074 4044 mores
2106 3988 2224 4060 ejus
2256 3991 2597 4059 observaret,
2636 4001 3010 4067 statueretque
3071 4015 3137 4054 an
3187 4001 3382 4070 dignus
3435 4004 3483 4057 is

1892 4079 2034 4137 foret
2081 4097 2242 4152 quem
2299 4083 2514 4156 imperii
2562 4101 2936 4143 successorem
2978 4093 3314 4162 designaret.
3351 4096 3482 4166 Quae

1892 4175 2145 4244 probatio
2197 4193 2388 4246 parum
2426 4193 2455 4232 e
2487 4177 2774 4234 Tuctainis
2811 4198 2934 4237 vero
2977 4189 3275 4241 succedens
3335 4191 3481 4245 hunc

1890 4272 2124 4324 exclusit
2161 4271 2410 4342 imperio.
2443 4271 2647 4328 Scribit
2691 4276 2836 4330 enim
2887 4277 3272 4350 Pachymcres,
3336 4299 3481 4356 saepe

1893 4359 2136 4417 indicato
2169 4376 2220 4417 c.
2257 4363 2304 4428 1,
2331 4360 2369 4419 Ι.
2401 4379 2474 4429 νι,
2497 4363 2766 4420 Cazsnem
2815 4368 2866 4420 in
2906 4367 3068 4425 dubia
3103 4387 3196 4425 sua
3217 4374 3482 4431 valetudi-

1902 4473 1970 4510 ne
1995 4458 2328 4512 successioni
2365 4460 2517 4528 regni
2551 4462 2953 4526 consulcntem,
3000 4480 3118 4517 eum
3152 4482 3334 4522 mores
3371 4472 3479 4525 Tu-

1900 4548 2119 4614 ctainis,
2145 4565 2303 4619 quem
2332 4551 2382 4603 in
2411 4553 2712 4622 propinquo
2739 4554 2984 4618 haberet,
3022 4558 3206 4612 fratris
3259 4567 3338 4614 sui
3373 4565 3482 4617 dis-

1899 4641 2106 4696 similes
2134 4653 2402 4708 notasset,
2440 4645 2893 4715 Carmpantanem
2937 4651 3102 4705 alium
3141 4653 3362 4710 fratrem
3412 4674 3477 4717 ex

1901 4728 2072 4793 India,
2110 4725 2201 4786 ubi
2229 4735 2494 4789 exercitui
2547 4750 2800 4804 praeerat,
2830 4756 3112 4813 evocasse,
3148 4762 3377 4813 eumque
3411 4753 3475 4804 ad

1900 4822 1953 4878 id
1984 4836 2246 4880 accurata
2279 4830 2622 4884 institutione
2649 4842 3011 4902 prmparatum
3058 4837 3270 4907 imperii
3308 4842 3474 4895 haere-

1902 4919 2024 4972 dem
2058 4919 2394 4987 designasse.
2430 4921 2598 4990 Igitur
2631 4925 2911 4980 decedenti
2943 4941 3005 4981 ex
3035 4929 3279 4997 partibus
3312 4930 3471 4987 Euxi-

1901 5028 1972 5068 no
1993 5014 2188 5070 vicinis
2219 5015 2466 5070 Tuctaini
2501 5018 2789 5076 suffectum
2824 5020 2873 5074 in
2908 5023 3134 5080 istarum
3156 5027 3476 5092 .provincia-

1903 5121 2018 5160 rum
2059 5106 2326 5176 regimine
2357 5109 2836 5165 Chutluchaimum
2870 5115 3128 5178 arbitror,
3158 5129 3318 5184 quem
3370 5119 3476 5175 illic

1901 5199 1993 5253 tali
2019 5197 2198 5256 oﬂicio
2231 5202 2395 5256 fuisse
2433 5202 2673 5268 functum
2712 5207 2931 5275 quando
2972 5218 3055 5263 est
3087 5219 3333 5266 mortuus
3366 5213 3473 5266 (Ja-

1901 5309 2088 5358 zanes,
2120 5293 2348 5349 aliirmat
2369 5295 2746 5368 Pacbyineres.

1973 5476 2158 5535 XVIII.
2203 5481 2390 5551 Pergit
2414 5484 2766 5538 continuator
2804 5486 3263 5556 Abuipharagiani
3304 5489 3476 5544 Cbroo

1898 5574 2006 5627 nici
2042 5583 2159 5628 aeta
2199 5573 2432 5629 Cazanis
2463 5579 2710 5646 exsequi,
2759 5580 3004 5633 scribens
3034 5598 3172 5636 anno
3210 5585 3313 5637 699
3358 5598 3473 5635 ino-

1899 5672 2112 5721 ventem
2174 5682 2294 5720 cum
2357 5667 2597 5723 exercitu
2651 5670 2704 5722 in
2757 5669 2967 5739 Syriam
3018 5673 3282 5726 Cazanem
3347 5692 3472 5726 cum

1900 5772 2222 5815 occurrente
2271 5759 2380 5826 ,sihi
2425 5764 2640 5817 Sullana
2673 5762 2908 5837 Egypti,
2941 5770 3030 5836 qui
3070 5772 3364 5824 vocabatur
3411 5768 3475 5828 Ai
