4086 6236
609 334 716 402 883

1461 334 1527 396 Ρ.
1562 329 1865 395 POSSINI
1905 328 2562 396 OBSERVATlONUM
2610 330 2757 392 LIB.
2793 328 2916 391 ῙΙῐ.

3757 327 3865 391 884

613 466 718 522 qua
765 464 797 506 e
823 450 1040 522 pepuio,
1076 449 1167 523 qui
1203 461 1373 506 novas
1406 447 1535 502 alibi
1568 461 1813 520 quaerere
1861 451 2017 502 sedes
2052 445 2185 499 mal-
2215 450 2267 507 Α
2292 450 2442 502 dere.
2475 445 2766 516 innuitque
2797 445 2863 502 ad
2897 443 2950 500 id
2978 444 3252 502 adhibitos
3281 460 3312 500 a
3345 439 3664 518 Byzantinis
3697 445 3881 517 Augu-

613 544 730 599 lcnt
780 561 940 612 quam
992 545 1045 600 in
1099 544 1273 615 patria
1324 540 1556 603 servire,
1605 540 1662 595 in
1692 539 1876 594 Asiam
1906 538 2182 594 minorem

619 635 724 690 iter
771 631 1028 690 intendit.
1059 635 1164 690 Sed
1198 636 1326 691 dum
1392 635 1601 686 incerto
1658 632 1800 686 vado
1853 629 2187 700 Euphratem

615 729 836 795 traiicit,
865 732 1020 799 aquis
1052 730 1247 784 hausto
1273 729 1517 784 Soliman
1553 721 1757 791 Shabo,
1803 739 1835 779 e
1880 723 2051 779 tribus
2095 721 2188 791 qui

615 820 733 890 ejus
762 821 938 892 fugam
974 823 1370 877 comitabantur
1398 822 1523 877 ﬁliis
1553 822 1657 875 duo
1691 820 1921 888 priores.
1977 813 2192 871 Sankur

615 909 782 981 Zengi
812 924 862 965 et
891 915 1003 966 tiun
1040 913 1232 982 Tngdi,
1264 913 1545 968 redierunt
1576 911 1628 965 iu
1662 908 1961 970 Persidem,
1994 906 2188 961 tertius

613 990 932 1073 Ortogrules
976 1005 1172 1060 ibidem
1227 1004 1293 1060 ad
1322 1005 1465 1076 ripas
1521 1002 1808 1073 Euphratis
1855 997 2189 1054 domicilium

613 1097 758 1162 ﬁxit,
789 1098 1008 1168 illicque
1038 1100 1131 1154 diu
1165 1108 1403 1153 moratus
1432 1107 1544 1152 tres
1574 1095 1825 1152 educavit
1858 1093 2017 1160 filios,
2047 1092 2190 1147 Con-

614 1192 1204 1258 dozum,Sarubanum
1243 1203 1297 1246 et
1322 1190 1672 1246 0thmanem.
1698 1188 1902 1244 Verum
1937 1201 2057 1240 cum
2094 1200 2190 1238 an-

614 1269 770 1357 guste
803 1284 1251 1352 incommodeque
1279 1283 1616 1344 habitarent,
1666 1279 1950 1334 Sarubano
1982 1277 2093 1332 filio
2121 1270 2190 1330 ad

613 1359 904 1430 Madinum
937 1374 1104 1431 lconii
1127 1387 1403 1444 satrapam
1423 1374 1603 1445 legato
1641 1373 1805 1428 misso
1841 1371 2064 1440 supplex
2097 1384 2191 1440 pe-

614 1465 700 1520 tiit
741 1466 808 1521 ab
838 1482 900 1521 eo
932 1467 1198 1538 assignari
1232 1468 1332 1522 sibi
1360 1468 1542 1523 locum
1593 1467 1679 1520 ubi
1726 1480 1846 1520 cum
1881 1463 2064 1518 liberis
2091 1462 2189 1518 de-

612 1569 761 1637 geret
813 1559 867 1632 in
897 1561 1057 1616 terris
1107 1560 1277 1631 ipsius
1324 1561 1568 1616 ditionis.
1603 1558 1806 1613 Annuit
1847 1567 2086 1625 satrapa,
2136 1563 2191 1612 et

613 1644 1185 1722 Ortogruliperniisit
1234 1661 1291 1707 ut
1323 1667 1446 1708 cum
1490 1653 1606 1708 suis
1638 1650 1894 1720 migraret
1924 1650 1980 1704 in
2015 1648 2190 1718 regio-

609 1758 735 1798 nem
768 1745 929 1798 sitam
981 1745 1118 1800 inter
1164 1754 1372 1800 montes
1443 1741 1750 1812 Tumaiagii
1807 1749 1861 1797 et
1893 1739 2183 1798 Armeniae.

613 1836 941 1908 Karai'iptag
976 1839 1024 1893 ei
1076 1837 1194 1894 loco
1234 1852 1434 1894 nomen
1462 1835 1588 1902 fuit,
1647 1850 1811 1905 quem
1855 1832 2051 1888 insedit
2085 1830 2188 1887 0r-

613 1930 853 2000 togruies
907 1939 1059 1985 tanto
1102 1944 1331 1985 numero
1400 1944 1624 1984 suorum
1669 1937 1726 1983 ut
1794 1924 2188 1996 quadringenta

613 2023 848 2077 tentoria
881 2023 994 2078 illic
1025 2022 1130 2078 fixa
1161 2023 1469 2092 explerent.
1531 2020 1664 2076 Rem
1694 2019 1766 2075 ibi
1794 2029 2016 2074 strenue
2051 2014 2190 2071 mul-

613 2118 684 2172 tis
731 2117 914 2181 annis,
954 2117 1184 2171 limitem
1213 2124 1403 2171 tutans
1441 2123 1497 2170 et
1518 2113 1778 2184 auspiciis
1805 2111 2019 2169 Aladini
2042 2112 2193 2182 prin-

598 2211 748 2278 cipis
793 2210 1091 2265 lconiensis
1121 2207 1350 2264 feliciter
1395 2208 1656 2272 militans,
1712 2205 2032 2278 Ortogrules
2066 2219 2191 2276 ges-

608 2302 703 2364 sit,
749 2301 928 2372 magni
976 2300 1044 2355 ob
1086 2301 1189 2357 hoc
1243 2300 1313 2355 ab
1356 2299 1445 2354 illo
1488 2299 1708 2356 habitus
1759 2304 1816 2354 et
1851 2297 2191 2354 desideratus

607 2393 774 2468 827
836 2410 960 2450 eum
1017 2393 1126 2448 fato
1179 2392 1397 2448 functus
1439 2401 1545 2459 est,
1583 2389 1723 2460 quod
1783 2389 2012 2461 contigit
2044 2404 2189 2447 anno

608 2485 819 2557 He’girac
875 2487 1005 2552 687,
1053 2487 1145 2558 qui
1199 2485 1422 2558 cmpita
1489 2486 1576 2540 die
1626 2485 1659 2539 6
1707 2482 1984 2539 Februarii
2040 2496 2189 2538 anno

608 2555 1000 2635 Citristi1288.
1043 2555 1226 2635 fieres
1257 2555 1559 2648 Crtogrulis
1623 2577 1860 2634 0thman
1929 2575 2052 2641 fuit,
2099 2573 2186 2628 cui

611 2684 670 2729 nt
697 2674 750 2729 in
784 2673 1134 2745 Karaiaptagi
1155 2673 1463 2744 principatu
1502 2670 1638 2741 patri
1668 2672 1980 2726 succederet
2017 2681 2186 2738 prono

608 2767 796 2824 favore
825 2767 1091 2823 Alsdinus
1130 2767 1380 2832 indulsit,
1415 2776 1469 2821 et
1502 2781 1646 2830 eum,
1683 2765 1858 2834 quoad
1906 2762 2023 2831 ipse
2060 2776 2186 2830 per-

607 2862 748 2918 stitit
787 2865 839 2916 in
889 2861 1148 2932 potentia,
1192 2859 1472 2915 beneficiis
1525 2857 1683 2913 fovit.
1716 2857 1924 2911 Verum
1953 2854 2186 2909 Aladino

605 2965 661 3011 et
691 2955 850 3010 anuis
902 2954 1013 3024 jam
1074 2953 1247 3010 fracto
1274 2962 1329 3008 et
1363 2952 1560 3020 opibus
1617 2949 1910 3016 ditninuto,
1971 2956 2031 3003 ut
2069 2946 2182 3019 jam

607 3048 843 3119 amplius
888 3047 1056 3116 armis
1087 3046 1477 3120 Mogulensinm
1523 3043 1626 3102 sub
1684 3041 1890 3098 Chalau
1923 3052 1976 3096 et
2001 3041 2182 3113 Apaga

604 3141 662 3211 in
695 3143 818 3198 istis
840 3140 1087 3210 partibus
1115 3124 1524 3210 pravaientium
1571 3151 1636 3192 ac
1672 3146 1864 3190 cuncta
1893 3132 2186 3205 subiugan-

605 3208 740 3290 tium
811 3205 911 3304 par
977 3205 1307 3292 sustinendis
1346 3231 1486 3285 haud
1551 3227 1709 3293 foret,
1763 3243 1849 3284 res
1896 3229 2000 3284 sibi
2051 3205 2252 3284 suasc

604 3339 766 3397 agere
792 3324 1090 3379 0thmanes
1118 3321 1303 3390 caepit.
1345 3329 1398 3375 et
1433 3319 1666 3391 propriis
1693 3317 1957 3389 auspiciis
1992 3318 2046 3372 in
2075 3315 2184 3374 Ro-

605 3417 752 3473 mani
787 3416 998 3487 imperii
1032 3414 1336 3485 provincias
1367 3411 1688 3482 irrumpere,
1717 3426 1821 3466 non
1854 3411 2051 3479 praedis
2080 3401 2177 3465 iso-

601 3511 716 3567 ium
749 3511 873 3565 inde
923 3509 1203 3579 abigendis
1235 3507 1504 3570 intentus.
1545 3505 1639 3561 sed
1676 3516 1732 3561 et
1765 3504 1987 3560 arcibus
2015 3513 2178 3575 atque

605 3601 828 3658 urbibus
857 3600 1047 3655 ibidem
1075 3588 1442 3668 occupandis.
1470 3597 1624 3665 Quod
1664 3605 1900 3666 emptum
1954 3611 2078 3651 eum
2127 3597 2178 3653 ei

601 3712 668 3750 ex
698 3705 824 3750 voto
846 3695 1222 3756 successisset,
1255 3691 1577 3764 erpugnatis
1603 3698 1657 3746 et
1683 3690 1935 3759 praesidio
1955 3705 2178 3745 suorum

602 3787 829 3846 insessis
862 3787 1053 3842 validis
1086 3785 1406 3858 quibusdam
1443 3783 1853 3851 munitionibus,
1909 3783 2050 3839 unde
2096 3798 2182 3839 rc—

600 3883 818 3955 gionum
889 3880 994 3936 illis
1060 3879 1422 3948 adjacentium
1508 3875 1666 3930 facile
1720 3875 2016 3929 dominium
2075 3874 2178 3930 sibi

601 3987 923 4047 perpetuum
958 3979 1247 4038 assereret,
1279 3970 1505 4026 sultanis
1541 3979 1651 4023 tum
1682 3966 2176 4034 demumOtbman,

600 4074 702 4126 huc
736 4081 824 4130 est,
857 4067 1094 4136 supremi
1124 4063 1383 4134 principis
1406 4103 1421 4128 ,
1457 4060 1670 4116 titulum
1729 4059 1903 4130 palam
1942 4075 2177 4131 usurpa-

597 4170 696 4232 vit,
729 4181 873 4225 anno
921 4164 1131 4236 llegirae
1188 4160 1311 4223 699.
1347 4157 1504 4228 cujus
1537 4156 1794 4212 Kalendae
1843 4154 2177 4212 Mnharrami

598 4265 908 4320 inciderunt
968 4261 1019 4314 in
1070 4259 1212 4312 diem
1265 4253 1334 4310 28
1395 4253 1733 4324 Septembris
1793 4251 1922 4308 anni
1971 4251 2176 4308 Christi

599 4358 759 4412 1299.

672 4452 761 4508 ill.
806 4451 1082 4507 Hactenus
1114 4447 1280 4504 relata
1312 4447 1381 4504 de
1410 4445 1696 4504 Othmanis
1728 4442 2041 4515 primordiis
2070 4447 2177 4495 tra-

2217 1803 2266 1864 B

2294 542 2392 598 stis
2417 553 2638 597 exteros
2668 539 2910 608 probatae
2936 540 3164 615 virtutis,
3181 549 3238 594 et
3263 539 3623 610 experientiae
3650 539 3879 594 bellica-

2291 651 2412 691 rum
2459 651 2679 702 rerum;
2724 650 2959 706 quorum
3004 633 3207 689 multos
3249 632 3378 698 illic,
3428 648 3536 703 qua
3582 632 3780 708 spoliis
3819 647 3885 687 es

2292 729 2451 784 hoste
2481 729 2687 800 raptis,
2723 743 2827 798 qua
2857 725 3214 799 pensionibus
3245 740 3368 780 cum
3403 723 3507 780 (ide
3539 724 3882 784 numeratis.

2291 838 2398 894 qua
2428 823 2698 878 fructibus
2724 821 2978 878 datorum
3014 821 3148 892 ipsis
3181 831 3461 892 agrorum,
3494 833 3728 890 magnas
3755 817 3881 872 ade-

2291 927 2414 988 ptos
2454 915 2674 971 divitias
2710 917 2818 981 ait,
2857 915 3003 970 unde
3038 924 3192 969 tanto
3229 911 3592 968 terribiliores
3635 909 3882 964 hostibus

2291 1009 2519 1076 fierent,
2557 1024 2622 1065 ac
2658 1009 2859 1064 fortius
2894 1014 3308 1080 propugnarent
3342 1005 3623 1061 Romanas
3657 1003 3880 1075 provin-

2290 1097 2424 1163 cias,
2458 1099 2710 1154 barbaris
2755 1097 2946 1168 procul
2981 1099 3123 1153 intra
3160 1097 3404 1169 ipsorum
3442 1105 3620 1153 terras
3650 1095 3739 1152 vel
3776 1103 3883 1150 ter-

2293 1207 2416 1247 rore
2445 1192 2817 1258 continendis,
2852 1192 2936 1248 vel
2968 1189 3018 1246 vi
3051 1191 3353 1260 armisque,
3387 1191 3428 1244 si
3461 1205 3762 1261 erumpere
3790 1204 3879 1244 en-

2291 1291 2580 1350 narentur,
2629 1283 2996 1341 retrudendis.
3043 1285 3165 1339 Non
3211 1284 3424 1338 videtur
3473 1283 3707 1339 dubium
3759 1282 3884 1353 quin

2293 1390 2390 1446 par
2425 1376 2480 1429 in
2518 1376 2856 1432 contrarium
2894 1393 3024 1433 cura
3066 1377 3232 1432 fuerit
3268 1377 3602 1432 infestorum
3645 1371 3884 1429 Romano

2292 1468 2502 1524 nomini
2536 1478 2593 1526 et
2623 1470 2948 1526 Christianae
2987 1470 3240 1543 religioni
3285 1470 3696 1528 Saracenorum
3734 1469 3885 1538 prin-

2292 1562 2474 1633 cipum
2499 1603 2513 1626 ,
2551 1572 2644 1617 aut
2677 1559 2962 1619 Persidem
2997 1571 3094 1618 aut
3126 1563 3340 1620 vicinas
3373 1564 3423 1619 ei
3463 1562 3623 1618 limiti
3662 1561 3878 1633 provin-

2292 1655 2406 1711 cias
2440 1655 2542 1710 sub
2577 1670 2676 1710 sua
2705 1655 2916 1711 ditione
2952 1655 3301 1725 habentium;
3343 1656 3487 1711 inter
3520 1670 3666 1725 quos
3701 1653 3888 1709 Aladi~

2294 1764 2396 1804 nus
2427 1747 2526 1803 fuit
2558 1749 2782 1820 dynasta
2815 1747 3002 1804 sedem
3036 1747 3251 1819 imperii
3288 1748 3498 1803 habens
3526 1744 3703 1805 lconii
3725 1789 3739 1812 ,
3771 1763 3886 1817 qure

2294 1852 2378 1896 est
2407 1841 2540 1896 urbs
2571 1840 2856 1913 Lycaoniae
2885 1839 3166 1912 primaria.
3201 1839 3382 1908 Quare
3412 1854 3536 1894 cum
3571 1839 3723 1911 apud
3755 1841 3884 1894 Ara-

2291 1933 2390 1989 bas
2427 1932 2718 1989 historicos
2737 1934 2971 2006 legimus
3008 1942 3294 1989 evocatum
3330 1931 3399 1988 ah
3435 1932 3543 1987 hoc
3577 1947 3646 1986 ex
3685 1929 3882 1985 Trans-

2291 2023 2640 2094 eupbraieusi
2690 2022 2917 2096 regione
2991 2023 3337 2091 Ortogruiem
3402 2039 3526 2079 cum
3581 2023 3790 2078 familia
3835 2032 3886 2075 et

2291 2114 2438 2171 inter
2473 2126 2687 2173 montes
2717 2115 3025 2188 Tumuiagii
3059 2126 3113 2170 et
3143 2116 3440 2182 Armeniae,
3473 2116 3529 2170 in
3567 2116 3692 2171 loco
3727 2115 3881 2184 cujus

2291 2209 2390 2282 ipsi
2427 2211 2762 2282 toparchiam
2796 2211 3158 2276 concesserit,
3189 2210 3542 2274 collocatum,
3577 2209 3881 2282 intelligere

2290 2304 2557 2360 debemus
2586 2302 2728 2358 illam
2762 2301 3211 2376 Karaiaptugam,
3241 2304 3521 2375 regionem
3553 2303 3877 2357 attributam

2288 2399 2457 2471 828
2485 2399 2759 2472 Ortogruli
2789 2400 2859 2455 ab
2887 2400 3138 2465 Aladino,
3173 2399 3342 2456 fuisse
3371 2400 3652 2456 confinem
3689 2399 3879 2454 Roma-

2289 2496 2378 2550 nis
2417 2495 2522 2550 illis
2562 2495 2725 2550 modo
2765 2493 3082 2549 memoratis
3121 2494 3379 2562 arcibus;
3419 2503 3476 2550 et
3516 2495 3732 2550 militi:e
3773 2493 3879 2547 illic

2288 2588 2495 2646 dudum
2520 2592 2833 2655 constitutae
2857 2589 3075 2659 lateque
3101 2587 3464 2645 formidanda:
3489 2589 3901 2659 stipendiarior

2289 2699 2408 2740 rum
2441 2694 2752 2739 exterorum
2784 2681 3044 2740 Romanis
3074 2682 3337 2754 Augustis
3367 2683 3749 2749 militantium,
3782 2695 3874 2752 op.

2287 2777 2520 2848 positam
2555 2793 2584 2832 a
2616 2775 2830 2832 sultane
2858 2777 3088 2832 Aladino
3123 2776 3284 2831 istam
3318 2776 3607 2831 cohortem
3644 2758 3875 2846 sequen-

2290 2874 2426 2929 tium
2445 2870 2722 2927 fortunam
2741 2869 3049 2942 Ortogrulis
3067 2886 3295 2943 peregre
3312 2870 3522 2941 appulsi
3544 2869 3871 2932 Turcorum.

2287 2965 2787 3038 quiquadringenta
2801 2964 2909 3020 illic
2925 2965 3276 3020 tabernacula
3290 2964 3652 3035 complerent.
3665 2963 3816 3030 Quod
3829 2963 3870 3016 si

2288 3071 2503 3132 tempus
2546 3059 2866 3132 indagemus
2912 3073 3022 3129 quo
3067 3058 3332 3129 migrasse
3377 3055 3798 3128 Karaiaptagam
3841 3067 3870 3109 θ

2287 3151 2406 3220 ripa
2435 3149 2727 3221 Euphratis
2755 3149 3014 3204 ulteriore
3043 3146 3350 3220 Ortogrulis
3376 3147 3643 3203 familiam
3673 3146 3868 3201 Arabes

2283 3239 2543 3302 indicant.
2574 3242 2906 3312 reperiemus
2941 3240 3058 3296 fere
3086 3239 3385 3296 convenire
3413 3241 3467 3294 in
3499 3239 3866 3309 principatum

2281 3332 2509 3391 Joannis
2549 3334 2823 3398 Batatzaa,
2864 3332 3190 3413 quiﬁicaste
3230 3331 3437 3388 Graecis
3477 3332 3771 3401 imperavit
3805 3331 3866 3385 ab

2282 3441 2428 3482 anno
2463 3426 2600 3483 £228
2634 3427 2702 3482 ad
2741 3425 2901 3489 1255.
2934 3440 3044 3496 quo
3080 3425 3318 3481 moriens
3352 3439 3736 3480 successorem
3772 3423 3863 3478 ha-

2281 3519 2402 3574 buit
2431 3515 2780 3574 Theodorum
2810 3517 3003 3573 filium.
3031 3517 3136 3572 Per
3162 3518 3251 3572 illa
3283 3526 3529 3588 tempore
3555 3526 3618 3573 ct
3645 3517 3772 3574 inde
3802 3516 3861 3570 ad

2283 3621 2556 3682 receptam
2591 3627 2622 3666 e
2655 3611 2864 3667 Latinis
2896 3609 3434 3681 Constantinopolim
3467 3609 3784 3682 vigentibus
3815 3617 3866 3664 et

2281 3721 2516 3761 numero
2542 3714 2705 3777 atque
2735 3705 3022 3760 alacritate
3053 3703 3479 3775 praevalentibus
3509 3705 3863 3774 prasidiariis

2282 3797 2690 3854 limitanearum
2717 3799 2928 3852 arcium
2956 3796 3172 3868 imperii
3203 3796 3433 3851 Romani
3463 3806 3658 3852 contra
3685 3795 3858 3852 Persi-

2281 3887 2404 3944 dem
2427 3931 2442 3954 ,
2478 3888 2638 3944 facile
2672 3891 2739 3945 ab
2774 3888 2882 3945 illis
2923 3888 3304 3945 sustinebatur
3335 3890 3574 3960 impetus
3611 3889 3858 3946 barbaro-

2281 3999 2401 4040 rum
2441 3983 2496 4038 in
2540 3983 2873 4055 quotidianis
2909 3981 3316 4038 velitationibus
3354 3982 3682 4052 plerumque
3719 3982 3850 4040 infe-

2280 4078 2485 4132 riorum
2501 4094 2522 4150 3
2541 4075 2721 4148 quoad
2745 4075 2988 4147 pessimo
3007 4075 3235 4130 consilio
3257 4082 3512 4147 suggestu
3527 4091 3557 4129 a
3577 4073 3852 4135 Chadeno,

2281 4171 2511 4227 Michael
2543 4171 2876 4242 Palaiologus
2910 4179 3198 4241 postquam
3237 4166 3291 4223 in
3329 4169 3626 4240 imperium
3665 4168 3856 4224 invasit

2280 4263 2697 4336 circumscripto
2728 4263 2934 4335 pupillo
2958 4262 3174 4318 Joanne
3205 4261 3479 4318 Theodori
3510 4262 3762 4318 Lascaris
3795 4263 3853 4313 ti-

2280 4352 2372 4417 lio,
2410 4353 2501 4409 ubi
2542 4367 2601 4408 se
2641 4353 2868 4422 potitum
2909 4351 3384 4424 Constantinopoli
3425 4352 3638 4410 Latinis
3678 4364 3850 4420 erepta

2280 4446 2452 4511 vidit,
2485 4445 2574 4500 isti
2609 4445 2927 4517 praesidiarii
2963 4445 3192 4500 Romani
3224 4446 3411 4501 limitis
3441 4448 3628 4502 vexari
3662 4446 3849 4502 fiscaii-

595 4546 736 4602 dunt
781 4543 991 4606 Arabes
1039 4541 1379 4611 scriptores;
1433 4556 1553 4595 cum
1609 4537 1806 4609 quibus
1857 4548 2176 4604 comparare
2209 4567 2252 4620 Β
2279 4536 2383 4596 bus
2403 4539 2697 4607 calumniis
2727 4547 2786 4594 et
2813 4538 2880 4594 ad
2914 4537 3151 4609 inopiam
3186 4539 3386 4611 redigi,
3417 4539 3702 4613 minuique
3733 4540 3848 4596 inde

593 4638 828 4709 sparsim
858 4636 927 4691 de
958 4635 1044 4691 bis
1073 4644 1282 4691 asserta
1316 4650 1348 4689 a
1383 4634 1739 4706 Pachymere,
1775 4645 1838 4685 ac
1868 4644 2030 4699 quant
2063 4630 2179 4683 haec

595 4731 664 4786 iis
696 4738 822 4800 apte
855 4737 1161 4799 congruant
1192 4726 1482 4783 ostendere
1502 4767 1516 4793 ,
1549 4725 1692 4781 labor
1728 4723 1988 4792 deinceps
2021 4736 2179 4777 meus

594 4824 689 4880 sit.
723 4819 999 4891 Principio
1031 4828 1220 4889 repeto
1253 4831 1377 4888 quae
1411 4817 1466 4870 in
1500 4815 1618 4887 ipso
1650 4813 1734 4870 sui
1770 4813 1954 4886 operis
1986 4811 2177 4867 limine

598 4926 786 4971 mater
816 4911 1110 4967 historicus
1143 4909 1311 4980 partis
1337 4922 1378 4968 ι,
1411 4906 1451 4961 l.
1484 4922 1521 4971 ι,
1552 4921 1582 4960 a
1609 4922 1659 4962 ο.
1692 4906 1725 4962 3
1752 4906 1819 4961 ad
1849 4905 1882 4962 6
1912 4904 2033 4960 fuse
2061 4904 2178 4960 dis-

598 4988 734 5063 serit
765 5007 832 5060 de
866 5004 1085 5059 arcibus
1118 5001 1306 5056 limitis
1341 4999 1631 5055 Orientalis
1668 4998 1922 5053 Romanas
1953 4996 2174 5054 ditionis

597 5111 788 5156 contra
827 5099 1101 5153 Persidem
1141 5097 1315 5164 deque
1353 5094 1566 5148 illarum
1609 5101 1890 5148 momento
1928 5093 1994 5148 ad
2034 5101 2172 5148 tute-

593 5195 701 5247 lam
737 5192 990 5263 imperii;
1025 5201 1136 5245 tum
1169 5189 1236 5243 de
1266 5203 1394 5243 cura
1418 5227 1432 5249 ,
1468 5202 1573 5257 qua
1605 5201 1696 5240 eas
1729 5185 1962 5254 amplexi
1995 5186 2172 5240 domi-

594 5293 794 5339 nantes
827 5281 1021 5338 Nicena
1054 5289 1178 5352 post
1209 5281 1461 5334 amissam
1498 5278 2034 5346 Constantinopolim
2071 5277 2172 5332 im-

594 5364 876 5447 peratores
932 5372 1101 5430 Graeci
1160 5373 1366 5443 optime
1424 5370 1803 5426 consuluerint
1859 5371 2172 5440 reipublicae

576 5453 905 5545 numerosis
943 5470 1180 5523 virorum
1227 5466 1445 5521 fortium
1491 5465 1758 5537 praesidiis
1799 5465 1852 5521 in
1895 5482 1964 5524 eo.
2000 5467 2171 5520 limite

588 5549 972 5624 auctorandis,
1004 5577 1128 5616 cum
1157 5559 1429 5630 largorum
1460 5558 1856 5629 stipendiorum
1892 5560 1993 5614 fida
2026 5560 2173 5614 solu-

589 5650 741 5711 tione
771 5655 838 5708 ad
868 5655 1010 5709 diem
1044 5653 1138 5726 [Ρ.
1172 5651 1310 5726 600]
1334 5693 1347 5716 ,
1377 5644 1492 5708 tum
1523 5651 1889 5721 assignatione
1917 5668 2168 5724 agrorum

576 5733 648 5820 [in
677 5746 765 5802 ilia
794 5745 990 5802 vicinia
1016 5753 1071 5800 et
1099 5744 1453 5800 concessione
1481 5743 1676 5813 praedae
1707 5743 1884 5799 omnis
1913 5760 2074 5814 quam
2103 5762 2166 5801 ex

589 5839 776 5898 hostili
818 5855 948 5913 agro
995 5838 1211 5898 infestis
1257 5837 1664 5896 incursionibus
1704 5849 1934 5914 possent
1981 5854 2164 5897 corra-

2281 4649 2406 4688 cum
2444 4632 2645 4689 animis
2688 4641 2803 4688 tum
2840 4631 3050 4689 viribus
3086 4643 3144 4689 et
3185 4648 3416 4690 numero
3450 4645 3758 4706 coeperunt,
3794 4643 3846 4687 ut

2278 4726 2531 4782 observat
2569 4725 2934 4797 Pachymeres
2975 4725 3200 4782 ibidem.
3239 4724 3469 4794 Quando
3507 4729 3841 4799 potissimum

2278 4819 2572 4892 contigisse
2593 4819 2871 4899 credibile
2901 4829 3016 4886 est,
3049 4819 3196 4890 quod
3231 4819 3440 4877 Arabes
3475 4819 3755 4887 indicant,
3789 4827 3841 4874 ut

2276 4909 2595 4984 Ortogrules
2613 4926 2738 4968 cum
2764 4909 2878 4966 suis
2901 4925 3160 4982 prospere
3182 4911 3235 4966 in
3258 4911 3536 4968 Romanos
3557 4912 3839 4986 pugnando

2276 5007 2492 5073 laudem
2523 5007 2592 5062 ab
2620 5006 2851 5062 Aladino
2871 5049 2884 5068 .
2917 5005 3076 5076 cujus
3107 5005 3368 5077 auspiciis
3401 5007 3702 5073 militabat,
3735 5023 3839 5062 me-

2277 5110 2507 5156 reretur.

2348 5192 2436 5248 ιγ.
2477 5193 2588 5248 Nec
2629 5208 2756 5249 vero
2799 5193 2959 5248 istam
3006 5193 3309 5264 Ortogrulis
3353 5203 3407 5248 et
3455 5195 3686 5251 filiorum
3729 5195 3836 5265 ejus

2275 5284 2537 5340 adversus
2571 5285 2938 5354 praesidiarios
2976 5287 3340 5342 llomauarum
3379 5289 3588 5343 arcium
3623 5303 3831 5357 compa-

2275 5387 2445 5434 ratam
2479 5393 2721 5448 Operam,
2750 5393 2806 5434 et
2836 5381 3117 5449 quaesitam
3154 5381 3206 5436 in
3241 5380 3436 5436 vicinia
3467 5397 3533 5436 ex
3565 5393 3714 5453 parte
3740 5381 3826 5436 ad-

2274 5487 2443 5528 versas
2474 5471 2709 5528 Persidis
2735 5473 3023 5529 stationem
3053 5472 3414 5546 Pachymeres
3443 5475 3559 5545 ipse
3587 5474 3828 5532 dissimu-

2274 5564 2365 5619 lat.
2406 5565 2485 5619 En
2531 5567 2650 5635 ejus
2690 5566 2854 5620 verba
2895 5567 3002 5621 vol.
3047 5566 3098 5630 Ι,
3144 5566 3310 5636 p.18
3349 5585 3362 5622 :
3412 5567 3682 5626 Post’hccc
3718 5567 3828 5623 viris

2274 5657 2497 5727 fortibus
2538 5660 2676 5713 inter
2711 5657 2905 5712 Persas
2929 5699 2944 5725 ,
2981 5660 3169 5729 quibus
3206 5662 3373 5716 omnis
3410 5663 3612 5718 visendi
3643 5677 3749 5732 spes
3781 5667 3824 5713 et

2271 5748 2500 5804 conditio
2534 5751 2588 5804 in
2625 5749 2790 5804 armis
2823 5761 2936 5804 erat
2960 5789 2975 5816 ,
3008 5752 3209 5806 ueteris
3243 5751 3510 5810 inclinatis
3545 5758 3613 5809 ad
3647 5751 3822 5810 Tocha-

2272 5861 2390 5911 ros,
2421 5845 2511 5915 qui
2545 5861 2707 5916 nuper
2737 5845 3012 5918 imperium
3048 5843 3340 5904 Persarum
3375 5861 3721 5922 occuparant,
3749 5861 3817 5900 r0-
