4086 6236
629 267 734 332 919

1823 281 2148 344 GEORGII
2190 284 2672 348 PACHYMERE

3786 286 3889 356 920

621 383 826 440 lumnae
863 399 895 440 ο
937 393 1084 441 terra
1123 386 1397 461 exsurgit,
1444 400 1655 464 septem
1673 409 1738 448 ex
1772 409 2049 451 marmore
2079 395 2208 451 albo

2314 400 2575 473 ὕπανέχει
2607 403 2701 456 τὸν
2740 399 2920 457 κίονα.
2954 401 3029 456 Τδ
3053 399 3113 456 δι
3152 400 3380 474 βάθρον,
3429 401 3700 476 κλίμακες
3729 407 3890 478 μέχρι

627 477 888 545 gradibus
921 478 1194 538 instructa
1222 500 1236 538 :
1271 484 1290 554 (
1315 500 1502 540 verum
1538 495 1651 542 tres
1683 484 1975 544 inferiores
2003 487 2208 560 gradus

626 570 830 640 injuria
866 582 1176 643 temporum
1218 577 1274 632 iu
1323 587 1525 634 terram
1555 578 1804 650 depressi
1839 583 2031 650 sunt;)
2081 598 2208 652 gra-

626 663 729 717 dus
757 680 941 721 autem
976 667 1206 724 inferius
1236 669 1482 737 latiores,
1513 673 1863 742 angustiores
1904 674 2202 745 superius:

621 773 806 827 neque
843 760 912 815 ab
944 777 1053 815 uno
1085 762 1287 828 solum,
1324 762 1421 819 sed
1456 779 1486 819 a
1521 776 1763 835 quatuor
1791 766 2084 832 lateribus,
2119 784 2206 822 εει

622 852 867 907 cundum
929 854 1296 927 quadranguli
1350 857 1582 929 ﬁguram
1638 858 1842 929 gradus
1904 858 2203 924 habentur,

622 946 827 1014 quibus
858 947 1121 1004 adscendi
1174 959 1378 1020 potest,
1426 951 1606 1006 donec
1641 952 1706 1007 ad
1740 953 1960 1023 planum
2001 968 2203 1024 perve-

622 1037 862 1096 niatur:
916 1052 972 1096 et
1025 1042 1293 1099 hactenus
1343 1045 1569 1116 quidem
1614 1047 1839 1116 planum
1894 1058 2063 1114 esset,
2093 1047 2204 1103 nisi

621 1133 924 1203 quodpiam
985 1135 1112 1191 istic
1160 1137 1460 1195 aediﬁcium
1511 1153 1581 1195 ex
1634 1140 1906 1197 lateribus
1957 1150 2014 1196 et
2050 1141 2203 1198 calce

624 1237 1004 1284 constructum
1045 1231 1262 1297 fuisset,
1291 1246 1532 1304 quatuor
1563 1235 1946 1290 columnarum
1973 1236 2028 1291 in
2073 1236 2208 1293 toti-

622 1320 747 1372 dem
796 1322 1011 1391 angulis
1057 1334 1414 1394 conspectum
1447 1329 1771 1397 praeferens,
1806 1329 1908 1383 etsi
1948 1344 2076 1383 vere
2109 1344 2206 1385 co-

2309 495 2406 550 καὶ
2453 496 2510 560 ις
2537 496 2678 550 ἑπτὰ
2727 495 3000 568 βαθμίδας
3049 496 3250 566 λευκῆς
3282 497 3580 569 μαρμάρου
3629 497 3894 564 άνῳκοδόὲ

2310 607 2514 662 μηνται
2547 591 2639 658 (τά
2667 590 2725 646 δὲ
2748 591 2898 646 κάτω
2919 589 3031 645 τῶν
3056 589 3364 662 βαθμίδων,
3390 591 3557 664 μέχρι
3589 592 3693 646 καὶ
3716 592 3774 655 ἐς
3801 593 3894 658 τάς

2307 687 2480 754 τρεῖς,
2527 682 2672 738 οὕτω
2701 682 2794 738 τοῦ
2825 684 3024 756 χρόνου
3071 683 3552 755 καινοτομοῦντος,
3599 687 3760 740 κάτω
3796 685 3895 755 γῆς

2307 775 2716 846 κατωρύχαται)
2744 777 2854 829 άπὸ
2897 775 3129 840 πλατέος
3163 775 3260 830 τοῦ
3285 774 3439 831 κάτω
3468 775 3555 839 είς
3585 774 3782 830 στενὸν
3811 774 3896 846 λή-

2307 884 2504 936 γουσαι
2527 882 2544 900 ·
2571 866 2712 938 πλὴν
2752 869 2850 922 οὐκ
2880 868 2976 939 ἀφ’
3014 867 3134 929 ἑνὸς
3175 867 3403 942 μέρους,
3435 867 3578 924 άλλά
3626 870 3897 941 πανταχό-

2308 961 2402 1016 θεν
2451 961 2597 1016 κατὰ
2639 965 2826 1034 σχῆμα
2877 966 3261 1034 τετράγωνον·
3288 962 3366 1028 ώς
3409 962 3742 1019 ἀναϐαίνειν
3801 964 3896 1034 μὲν

2308 1055 2578 1122 κάτωθεν,
2605 1055 2804 1110 ὁπόθεν
2829 1074 2912 1121 τις
2939 1056 3184 1128 βούλοιτο
3201 1074 3217 1092 ο
3253 1051 3374 1112 εἶτα
3405 1056 3463 1112 δὲ
3507 1057 3798 1130 καταντᾷν
3822 1055 3899 1120 είς

2306 1147 2672 1219 ἀγχώμαλον·
2721 1147 2824 1202 κᾶν
2860 1143 2930 1219 ἦν
2973 1149 3067 1203 καὶ
3130 1148 3261 1201 ιδεῐν
3312 1143 3572 1201 ἐπίπεδον
3619 1144 3789 1199 τοῦτο
3835 1144 3896 1197 δι’

2307 1243 2450 1307 ὅλου,
2486 1244 2536 1296 εί
2577 1243 2652 1314 μή
2688 1260 2743 1296 τι
2792 1242 2879 1296 ἐπ’
2912 1241 3081 1297 αὐτοῦ
3125 1240 3185 1308 ἐξ
3211 1239 3388 1312 ότι-τῆς
3424 1239 3661 1295 πλίνθου
3707 1255 3770 1295 τε
3810 1240 3898 1294 καὶ

2306 1335 2525 1389 τιτάνου
2564 1334 2910 1406 οίκοδόμημα
2953 1333 3388 1397 κατεσκεύαστο,
3425 1332 3658 1405 τετράσι
3697 1332 3798 1402 μὲν
3826 1331 3896 1394 ὡς

625 1413 826 1470 intumo
863 1433 970 1471 non
1019 1419 1148 1482 sint,
1195 1421 1290 1474 sed
1326 1421 1712 1476 columnarum
1748 1424 1986 1492 speciem
2023 1424 2205 1480 solum

2312 1429 2442 1484 ίδεῑν
2482 1428 2626 1483 κατά
2658 1431 2863 1499 γωνίας
2919 1427 3020 1492 τὰς
3062 1428 3185 1493 ῐσας
3228 1428 3376 1482 κίοσι
3423 1424 3891 1496 συνεχόμενον.οὕ

622 1519 1028 1574 νερτοεειεηιειιι
1056 1527 1072 1564 :
1102 1527 1228 1566 nam
1281 1513 1337 1567 in
1387 1513 1684 1582 superﬁcie
1731 1529 2070 1570 marmorum
2122 1524 2206 1572 ta-

2312 1521 2420 1595 μὴν
2447 1521 2503 1575 δὲ
2536 1521 2631 1576 καλ⁹
2681 1519 2862 1574 κίοσιν
2899 1517 3185 1591 ἄντικρυς.
3215 1516 3358 1584 πλὴν
3391 1516 3519 1571 δσον
3569 1513 3708 1568 tam
3728 1530 3745 1546 ·
3776 1513 3889 1566 tm-

621 1599 765 1658 bula:
817 1603 1170 1674 adaptantur,
1211 1623 1334 1678 qua:
1392 1610 1545 1664 intus
1596 1609 1957 1681 pyromacbas
1995 1609 2204 1680 lapides

2312 1616 2479 1688 πολῆς
2537 1615 2646 1686 γάρ
2703 1613 2913 1677 πλάκες
2965 1614 3276 1685 μαρμάρων
3328 1608 3736 1680 ἐξυφασμόναι,
3771 1605 3891 1667 τοὺς

624 1707 964 1770 contegant;
998 1709 1060 1754 ut
1108 1716 1174 1756 ex
1214 1718 1344 1766 uno,
1395 1703 1489 1773 qui
1542 1718 1641 1773 per
1695 1713 1915 1773 tempus
1962 1704 2203 1759 tabulam

2312 1710 2459 1773 ἐντὸς
2484 1709 2812 1779 πυρομάχας
2840 1707 3021 1771 λίθους
3046 1703 3511 1777 συγκρύπτουσιν,
3535 1700 3617 1765 ὡς
3645 1699 3771 1755 ἔστι
3795 1716 3891 1770 μα-

623 1788 830 1853 amisit,
881 1790 1131 1847 ediscere
1184 1793 1338 1849 licet.
1374 1794 1610 1850 Ediﬁcii
1666 1796 1842 1851 forma
1897 1796 1952 1852 in
1998 1797 2202 1852 cubum

2312 1803 2422 1855 θεῖν
2466 1803 2530 1855 ὲκ
2577 1803 2730 1871 μιᾶς,
2784 1797 3167 1868 άποὸαλούσης
3206 1795 3285 1867 τῷ
3321 1795 3500 1870 χρόνῳ
3529 1795 3636 1864 τὴν
3677 1791 3887 1848 πλάκα·

622 1884 956 1940 concinnata
987 1894 1112 1954 est;
1145 1887 1217 1942 ita
1245 1897 1329 1954 nt,
1350 1904 1418 1943 ex
1440 1889 1590 1945 senis
1619 1889 1749 1944 cubi
1775 1889 2201 1963 superﬁciebus,

621 1987 862 2051 quatuor
904 1995 936 2036 e
983 1981 1252 2037 lateribus
1316 1982 1530 2052 positae,
1594 1984 1823 2040 totidem
1892 1984 2206 2055 porticibus

620 2080 913 2130 ornentur.
970 2074 1112 2131 Huic
1160 2075 1396 2132 aedilicio
1436 2077 1584 2134 basis
1636 2079 1749 2134 alia
1800 2093 1869 2133 ex
1923 2094 2205 2135 marmore

624 2168 754 2224 albo
781 2167 1116 2239 imponitur;
1140 2168 1231 2225 isti
1264 2169 1464 2235 altera,
1521 2170 1652 2226 huic
1702 2170 1863 2227 tertia
1900 2188 1916 2224 :
1953 2171 2041 2228 his
2084 2187 2209 2226 om.

625 2262 798 2320 nibus
823 2274 1021 2334 quarta
1065 2262 1378 2330 circularis,
1407 2280 1476 2321 ex
1499 2265 1868 2321 marmoribus
1913 2266 2165 2321 confecta
2190 2281 2204 2332 ;

622 2360 800 2415 itaut
845 2367 960 2415 tres
996 2359 1221 2430 quidem
1267 2359 1564 2415 latitudine
1613 2360 1734 2416 aliae
1782 2361 1906 2416 aliis
1957 2360 2206 2416 minores

623 2465 684 2510 et
721 2453 1074 2525 angustiores
1122 2454 1254 2520 sint,
1309 2465 1508 2526 quarta
1559 2470 1691 2510 vero
1733 2456 1786 2509 in
1826 2456 2096 2510 circulum
2132 2454 2209 2510 sit

622 2546 952 2615 composita,
999 2555 1167 2618 atque
1212 2547 1367 2603 basin
1409 2544 1616 2602 tribuat
1663 2547 1936 2603 columna:
1965 2562 2205 2603 consen-

622 2649 863 2695 taneam.
894 2639 1027 2697 lstic
1054 2641 1317 2696 fundatur
1343 2640 1627 2707 columna,
1656 2641 1788 2696 olim
1838 2641 2088 2713 quidem,
2143 2649 2206 2696 ut

620 2742 878 2798 narrant,
928 2733 1086 2789 vario
1122 2742 1178 2788 et
1217 2733 1473 2789 Temesio
1521 2749 1632 2789 ere
1667 2735 1865 2789 vestita
1903 2749 1918 2798 ;
1951 2735 2119 2804 quod,
2156 2733 2204 2789 si

621 2825 763 2884 ﬁdes
792 2827 1041 2883 narranti
1075 2826 1371 2892 habeatur,
1401 2838 1630 2899 argento
1659 2843 1768 2883 non
1803 2827 2038 2882 multum
2071 2842 2206 2906 con-

621 2917 870 2974 cederet.
900 2916 1060 2974 Nunc
1095 2925 1281 2972 autem
1315 2917 1460 2972 nuda
1486 2917 1715 2974 omnino
1743 2927 1950 2980 manet.
1976 2927 2037 2975 ut
2064 2933 2191 2990 pos-

623 3011 700 3067 sit
731 3009 971 3082 quisque
1013 3010 1228 3081 lapides
1267 3009 1390 3081 ejus
1445 3025 1765 3078 numerare,
1797 3026 1863 3068 ac
1893 3011 2208 3083 deprehen-

2309 1899 2403 1950 καὶ
2434 1896 2498 1950 τδ
2529 1894 2625 1949 τοῦ
2677 1893 3119 1963 οἰκοδομήματος
3143 1891 3331 1963 σχῆμα
3372 1890 3454 1950 είς
3482 1885 3659 1942 κύϐον
3699 1885 3892 1943 ἀποτε-

2305 1991 2616 2060 τόρνευται,
2647 1988 2756 2044 τῶν
2779 1986 2841 2052 ἓξ
2866 1985 3146 2041 ἐπιπέδων
3165 1983 3234 2038 τὰ
3260 1982 3405 2038 κατά
3425 1980 3488 2036 τδ
3512 1980 3754 2050 πλάγιον
3781 1977 3893 2031 τέτ-

2305 2101 2448 2152 ταρα
2489 2083 2672 2146 στοαῖς
2705 2080 3120 2152 καλλυνομένων
3139 2074 3213 2148 (2)
3245 2075 3530 2145 τέσσαρσι.
3563 2069 3815 2128 ’Δνωθεν
3836 2068 3888 2123 δέ

2305 2180 2525 2243 τούτου,
2559 2177 2722 2232 πάλιν
2756 2175 2914 2247 βάσις
2962 2173 3127 2245 έτέρα
3173 2167 3472 2242 μαρμάρου
3518 2165 3763 2236 λευκῆς·
3801 2162 3888 2216 καὶ

2307 2271 2464 2335 αὖθις
2495 2271 2583 2324 ἐπ’
2611 2270 2782 2339 αὐτῆς
2812 2267 2949 2337 άλλη
2977 2283 2992 2298 ·
3039 2263 3130 2336 ἐφ’
3161 2257 3230 2337 ἧς
3259 2263 3355 2318 καὶ
3382 2260 3544 2344 τρίτη
3566 2276 3583 2292 ·
3625 2260 3725 2312 καὶ
3751 2254 3884 2325 ζώνη

2306 2383 2390 2428 τις
2421 2365 2517 2417 ἐπὶ
2561 2360 2790 2426 ταύταις
2841 2359 2954 2416 άπὸ
3005 2355 3319 2432 μαρμάρων
3361 2354 3603 2426 τετάρτη
3632 2368 3647 2383 ο
3680 2350 3760 2414 ὡς
3801 2347 3887 2410 τὰς

2305 2461 2457 2529 τρεῖς
2487 2457 2586 2527 μὲν
2616 2455 2726 2511 άπὸ
2759 2455 2992 2518 πλατέος
3018 2454 3115 2507 καὶ
3141 2449 3348 2512 ταύτας
3375 2448 3456 2512 είς
3482 2446 3673 2503 στενὸν
3697 2458 3888 2500 καταν-

2307 2552 2427 2624 τᾷν,
2454 2550 2552 2619 τὴν
2581 2550 2628 2602 δ’
2654 2547 2743 2600 ἐπ’
2792 2547 2984 2609 αὑταῖς
3023 2544 3203 2616 ζώνην
3233 2539 3595 2605 κυκλοῦσθαι,
3621 2539 3719 2594 καὶ
3756 2536 3884 2590 διδό-

2308 2642 2506 2714 ναιτῷ
2559 2641 2739 2710 στύλῳ
2784 2639 2884 2711 τὴν
2933 2638 3094 2711 βάσιν
3134 2636 3507 2709 ἁρμόζουσαν.
3549 2628 3836 2688 Ἐντεῦθεν
3860 2625 3887 2679 ό

2311 2735 2500 2800 στύλος
2531 2733 2953 2806 ἐπῳκοδόμηται
2977 2749 2993 2764 ·
3024 2731 3194 2784 πάλαι
3221 2729 3341 2800 μὲν,
3373 2725 3450 2792 ώς
3482 2725 3783 2796 ἀκούομεν.
3807 2737 3889 2776 κε-

2309 2828 2660 2898 καλυμμένος
2691 2825 2925 2898 ποικίλῳ
2957 2825 3204 2896 τεμεσίῳ
3232 2820 3420 2893 χαλκῷ
3445 2820 3546 2876 ἐί
3578 2819 3638 2874 δὲ
3675 2830 3890 2873 πιστευ-

2307 2927 2430 2981 τέον
2453 2923 2531 2995 τῷ
2561 2924 2798 2993 λέγοντι,
2825 2920 2886 2974 ού
2923 2919 3103 2993 πολλῷ
3147 2919 3242 2974 καὶ
3277 2917 3523 2990 ἀργύρου
3551 2916 3762 2969 δέοντι·
3797 2908 3884 2965 νῦν

2309 3018 2364 3074 δὲ
2390 3016 2599 3090 γυμνὸς
2628 3016 2691 3070 τὸ
2717 3015 2977 3088 παράπαν
3019 3013 3379 3084 φαινόμενος·
3411 3011 3487 3074 ώς
3535 3002 3884 3082 ἀριθμεῖσθαι

623 3107 761 3164 dere
817 3106 1198 3178 Pyromaehas
1244 3120 1389 3166 esse,
1438 3107 1946 3178 commissurasque
2003 3123 2208 3178 cogno-

2312 3114 2406 3168 καὶ
2434 3110 2561 3176 τοὺς
2585 3109 2766 3173 λίθους
2793 3107 2957 3163 αὐτοῦ
2987 3109 3063 3177 (5)
3091 3107 3305 3169 ὀπόσοι,
3337 3106 3431 3160 κα)⁵
3451 3104 3535 3158 δτι
3568 3099 3882 3172 πυρομάχαι

625 3214 807 3255 scere.
841 3195 1128 3268 Habetque
1161 3197 1466 3254 circulares
1489 3198 1717 3254 ordines
1744 3215 1812 3254 ea
1843 3197 2023 3270 lapide
2048 3200 2198 3264 albo,

624 3295 682 3350 in
726 3291 1069 3357 longitudine
1091 3290 1362 3346 columna
1385 3291 1501 3362 pari
1533 3291 1835 3347 interstitio
1864 3291 2200 3363 disiunctus.

626 3383 729 3454 qui
753 3383 820 3440 ad
854 3383 1046 3439 decem
1088 3398 1322 3439 numero
1353 3391 1484 3438 sunt
1519 3400 1534 3437 :
1571 3382 1703 3439 hinc
1732 3383 1873 3439 alios
1902 3383 2205 3440 circulares

625 3478 852 3534 Ordines
879 3494 947 3534 ex
973 3493 1248 3533 marmore
1287 3477 1434 3543 albo,
1465 3478 1560 3533 sed
1592 3478 1627 3533 ii
1655 3478 1907 3549 contigui
1935 3487 2100 3543 sunt;
2128 3479 2203 3533 ita

629 3583 692 3632 ut
717 3575 992 3630 secundus
1024 3574 1226 3645 primo.
1257 3575 1455 3630 tertius
1482 3574 1725 3630 secundo
1755 3575 2050 3644 impositus
2084 3575 2158 3630 sit
2185 3615 2199 3635 .

631 3679 690 3726 et
726 3670 807 3727 sic
839 3670 1100 3741 deinceps
1150 3684 1325 3738 usque
1357 3671 1425 3726 ad
1475 3685 1707 3726 nonum.
1753 3667 1952 3724 Verum
2010 3669 2044 3726 ii
2096 3686 2204 3724 non

629 3764 916 3836 aqualiter
978 3764 1032 3818 in
1090 3771 1372 3820 structura
1426 3780 1486 3819 se
1539 3765 1767 3828 habent,
1817 3765 1913 3821 sed
1971 3764 2202 3820 latiores

630 3858 902 3929 gradatim
932 3868 1084 3924 sunt,
1113 3867 1172 3913 ut
1215 3855 1367 3913 basin
1425 3857 1677 3913 latiorem
1719 3856 1979 3927 imposito
2025 3857 2204 3912 ordini

629 3959 910 4023 praestent,
953 3950 1044 4019 qui
1073 3949 1322 4004 decimus
1368 3963 1569 4004 novem
1613 3948 1738 4006 aliis
1773 3949 2078 4016 incumbit;
2129 3949 2201 4004 ita

629 4049 694 4102 ιιι
741 4059 843 4099 nec
869 4045 973 4099 ista
1026 4058 1154 4114 pars
1188 4042 1436 4113 perfecto
1485 4057 1724 4097 numero
1765 4052 1968 4099 careat.
2029 4042 2209 4114 Hujus

630 4152 768 4194 vero
798 4136 1001 4209 lapidis
1046 4139 1222 4191 forma
1259 4136 1473 4207 quadra
1503 4144 1589 4191 est
1607 4152 1629 4204 ;_
1675 4153 1868 4193 verum
1902 4137 1956 4193 in
2011 4139 2210 4196 mediis

629 4230 896 4289 lateribus
915 4229 1333 4285 commissuram
1363 4228 1607 4293 exhibet,
1639 4229 1712 4284 ita
1745 4238 1804 4283 ut
1832 4230 1993 4286 lineae
2029 4229 2208 4304 frangi

630 4324 1032 4387 videantur,ct
1071 4324 1325 4378 fractura:
1371 4323 1652 4392 lapidibus
1697 4324 2097 4395 obsignentur;
2143 4340 2211 4380 ac

633 4431 832 4494 praeter
865 4421 989 4475 illos
1035 4425 1274 4478 tantum.
1309 4426 1456 4472 totus
1508 4417 1648 4487 lapis
1697 4418 1753 4472 in
1805 4419 2046 4474 circuitu
2097 4434 2209 4478 acre

635 4491 905 4586 operitur.
936 4513 1019 4567 Ab
1059 4512 1190 4568 hinc
1221 4519 1404 4564 autem
1436 4511 1633 4565 artifex
1661 4510 1952 4567 aedilicium
1988 4522 2209 4567 contra-
2237 4491 2288 4553 n

636 4608 778 4665 hens
822 4607 1052 4663 densum
1100 4604 1339 4675 lapidem
1368 4603 1654 4674 imposuit,
1703 4605 1834 4660 huic
1878 4621 2011 4661 vero
2041 4607 2212 4664 alium

635 4700 870 4758 minoris
911 4701 1340 4771 circumquaque
1394 4698 1723 4763 latitudinis,
1758 4698 1852 4768 qui
1901 4714 2214 4769 congruen-

638 4808 750 4852 tem
779 4810 923 4866 equo
949 4793 1122 4850 basim
1150 4793 1412 4864 praebeat:
1447 4807 1554 4846 non
1583 4791 1746 4845 modo
1773 4791 1920 4844 enim
1955 4791 2212 4849 columna

637 4889 989 4944 latitudinem
1029 4885 1340 4959 expetebat.
1372 4895 1432 4942 ut
1494 4901 1616 4955 quae
1665 4884 1920 4955 imposita
1952 4895 2083 4942 sunt
2113 4885 2211 4940 llr-

637 4980 783 5036 mius
830 4978 1235 5042 consistcrent,
1263 4978 1358 5032 scd
1405 4978 1571 5032 etiam
1608 4977 1896 5048 angustius
1947 4991 2213 5033 cacumen

637 5073 1014 5139 desiderabat,
1065 5081 1129 5130 ut.
1157 5070 1441 5144 opiﬁcium
1473 5071 1794 5142 impositum
1826 5072 2005 5126 oculis
2034 5071 2213 5126 unde-

636 5182 856 5236 quaque
906 5174 1142 5238 pateret.
1195 5166 1384 5236 Equus
1439 5176 1623 5219 autem
1675 5180 1864 5220 aeneus
1922 5173 2030 5229 est,
2070 5164 2216 5220 miro

635 5258 873 5312 artillcio
916 5257 1254 5322 elabOratus,
1291 5271 1396 5312 nec
1445 5256 1649 5329 dignus
1691 5256 1843 5324 quia
1873 5268 2211 5327 praetereun-

2313 3206 2535 3272 ειδέναι,
2563 3205 2660 3261 καὶ
2685 3205 2834 3266 ὅπως
2862 3202 3198 3275 ἁρμόζονται
3223 3216 3239 3230 ⁸
3276 3198 3416 3271 ἔχων
3462 3199 3562 3252 καὶ
3593 3195 3771 3262 ζώνας
3795 3191 3882 3260 τῆς

2314 3299 2484 3366 αὐτῆς
2516 3297 2717 3367 λευκῆς
2747 3295 2922 3361 λίθου,
2964 3296 3109 3348 κατὰ
3137 3294 3232 3348 τὸν
3281 3291 3569 3364 κάλαμον·
3770 3287 3881 3341 ὅσον

2313 3396 2372 3447 τὸ
2405 3394 2516 3447 ῐσον
2550 3393 2684 3462 πρὸς
2713 3390 2947 3458 ἀλλήλας
2979 3388 3074 3443 τοῦ
3104 3387 3468 3458 διαστήματος
3506 3384 3758 3457 ιχουσαι.
3791 3379 3881 3454 μέ-

2315 3505 2408 3558 χρι
2454 3485 2548 3540 καὶ
2594 3483 2818 3545 δεκάδος
2866 3482 3145 3552 προΐασιν.
3184 3478 3470 3535 Ἐντεῦθεν
3517 3477 3682 3533 άλλαι
3730 3474 3882 3542 ζῶναι

2319 3580 2613 3653 μαρμάρου
2643 3577 2867 3648 λευκῆς.
2921 3575 3059 3630 ἀλλὰ
3120 3576 3367 3646 συνεχεῖς
3429 3564 3612 3638 αὗται,
3667 3569 3883 3638 δευτέρα

2317 3677 2409 3730 ἐπὶ
2433 3671 2644 3747 πρώτῃ,
2668 3671 2763 3725 καὶ
2791 3671 2948 3743 τρίτη
2976 3669 3066 3723 επὶ
3089 3668 3340 3741 δευτέρᾳ,
3364 3665 3460 3723 καὶ
3488 3666 3714 3737 ἑφεξῆς,
3737 3662 3882 3733 ἄχρις

2319 3769 2475 3823 ἐννέα
2501 3767 2813 3836 διήκουσαι·
2844 3765 2985 3836 πλὴν
3020 3767 3119 3818 οὐκ
3152 3762 3213 3828 ἑξ
3253 3763 3371 3818 ἴσου
3400 3760 3499 3835 τὴν
3531 3754 3882 3826 ἑποικοδομὴν

2316 3863 2537 3934 ἔχουσαι
2566 3861 2763 3924 πᾶσαι,
2794 3857 2910 3912 ἀλλ’
2939 3858 3033 3912 ἐπὶ
3057 3857 3119 3910 τὸ
3151 3855 3488 3926 πλατύτερον
3516 3851 3877 3922 ἀνοιγόμεναι.

2320 3957 2480 4028 βάσιν
2514 3949 2626 4008 οἷον
2672 3954 2892 4024 εὐρεῖαν
2943 3951 3022 4022 τῷ
3054 3951 3392 4022 έπικειμένῳ
3425 3947 3790 4021 παρέχουσαι·
3827 3941 3880 3993 τὸ

2317 4049 2363 4102 δ’
2398 4051 2548 4102 ἐστὶν
2601 4047 2693 4099 ἐπὶ
2727 4049 2844 4108 ταῖς
2894 4045 3052 4098 ἐννέα
3083 4042 3286 4108 ζώναις
3320 4043 3380 4096 τὸ
3426 4041 3676 4109 δέκατον,
3724 4036 3796 4101 ώς
3822 4034 3879 4089 ἂν

2318 4144 2413 4196 καὶ
2439 4139 2597 4193 τοῦτο
2627 4138 2794 4209 μέρος
2821 4136 2896 4208 μὴ
2925 4138 3169 4206 περοίτο
3193 4133 3293 4204 τῆς
3315 4133 3413 4189 τοῦ
3438 4130 3674 4206 ἀριθμοῦ
3698 4125 3882 4184 τελειό-

2317 4251 2500 4306 τητος.
2545 4231 2619 4286 Τὸ
2662 4231 2721 4286 δὲ
2768 4229 2954 4301 σχῆμα
2997 4227 3093 4283 τοῦ
3141 4226 3291 4281 λίθου
3339 4224 3707 4298 τετράγωνον,
3759 4217 3879 4274 ἀλλὰ

2320 4329 2461 4382 κατὰ
2486 4327 2555 4381 τὰ
2584 4326 2724 4398 μέσα
2757 4323 3156 4390 συνιζάνον,ώς
3192 4317 3304 4377 οἷον
3334 4322 3433 4385 τάς
3473 4319 3738 4392 γραμμὰς
3767 4313 3880 4369 κλᾶε

2323 4422 2469 4485 σθαι,
2503 4422 2599 4475 καὶ
2626 4420 2791 4485 λίθοις
2827 4417 3188 4490 σημειοῦσθαι
3220 4420 3318 4482 τὰς
3351 4415 3595 4480 κλάσεις,
3622 4414 3717 4469 καὶ
3745 4405 3877 4476 παρὰ

2316 4514 2541 4583 τούτους
2580 4517 2676 4572 καὶ
2728 4513 2947 4584 μόνους,
2989 4511 3178 4583 χαλκῷ
3211 4511 3272 4565 τὸ
3316 4512 3428 4565 πᾶν
3475 4507 3569 4564 τοῦ
3615 4509 3761 4562 λίθου
3790 4518 3876 4556 κα-

2318 4611 2619 4670 λύπτεσθαι
2659 4609 2931 4683 γύρωθεν.
2992 4606 3277 4663 Ἐντεῦθεν
3323 4606 3481 4673 αὖθις
3531 4602 3874 4662 συστέλλωνῦ

2317 4705 2569 4776 τεχνίτης
2601 4703 2661 4758 τὸ
2709 4703 3073 4774 οἰκοδόμημα,
3131 4703 3317 4772 τίθησι
3368 4701 3511 4758 λίθον
3558 4705 3755 4775 παχὺν,
3797 4699 3874 4750 καὶ

2319 4799 2408 4851 ἐπ’
2453 4799 2603 4869 αὐτῷ
2655 4797 2878 4868 ἕτερον,
2921 4798 3057 4870 πρὸς
3106 4799 3271 4851 αὐτὸν
3318 4797 3421 4868 μὲν
3475 4796 3871 4866 ἐλαττούμενον.

2321 4893 2513 4962 ἱκανὴν
2542 4891 2597 4944 δὲ
2630 4891 2789 4962 βάσιν
2819 4892 2896 4960 τῷ
2927 4893 3082 4963 ἵππῳ
3103 4893 3333 4946 διδόντα.
3368 4892 3444 4946 Ού
3471 4892 3633 4961 μόνον
3655 4892 3758 4962 γάρ
3782 4885 3873 4939 ἔδει

2320 4986 2556 5046 πλάτους
2591 4987 2666 5054 τῷ
2700 4982 2897 5055 στύλῳ,
2948 4984 3246 5053 άσφαλεῐας
3282 4982 3443 5052 χάριν
3477 4983 3586 5034 τῶν
3614 4974 3875 5047 έπικειμέο

2317 5096 2444 5141 νων,
2482 5079 2615 5132 ἀλλά
2663 5077 2934 5149 ἑτέρωθεν
2978 5080 3070 5132 καὶ
3119 5076 3458 5144 στενότητος,
3491 5074 3568 5140 ώς
3594 5074 3662 5129 ἂν
3695 5085 3874 5127 παντα-

2317 5173 2473 5247 χόθεν
2516 5172 2768 5244 ἀρίδηλον
2877 5173 2936 5224 τὸ
2972 5171 3327 5242 ἐπικείμενον
3373 5171 3676 5242 τέχνασμα.
3710 5165 3778 5222 Τὸ
3803 5163 3869 5221 δι.

2319 5263 2486 5325 ἵππος
2520 5265 2639 5319 ἐστὶ
2672 5251 2928 5333 χαλκοῦς.
2948 5262 3280 5333 θαυμαστῶς
3302 5260 3397 5318 τοῦ
3425 5261 3710 5332 σχήματος
3727 5259 3870 5328 ἔχων,

635 5351 790 5405 tibus
837 5349 1172 5421 negligatur,
1210 5349 1430 5406 etiamsi
1458 5350 1584 5419 quis
1614 5349 1826 5420 pluries
1871 5349 1925 5404 in
1953 5349 2044 5405 die
2075 5349 2208 5405 istac

2323 5358 2419 5412 καὶ
2445 5357 2647 5428 ἥκιστα
2677 5357 3025 5428 παρορᾶσθαι
3056 5358 3170 5418 τοῖς
3194 5354 3486 5428 παριοῦσιν
3524 5356 3696 5422 άξιος,
3720 5351 3764 5405 εί
3790 5343 3867 5402 καὶ

634 5455 903 5501 transeat.
936 5446 1178 5512 Quemsi
1212 5444 1552 5516 spectaveris
1584 5445 1735 5500 dicas
1765 5460 1900 5501 sane
1933 5443 1988 5499 in
2024 5461 2208 5501 aerem

634 5551 690 5597 et
742 5549 966 5596 ventum
1018 5556 1239 5595 cursum
1291 5539 1550 5610 dirigere,
1597 5549 1763 5611 atque
1811 5541 1878 5596 ad
1925 5539 2213 5603 Orientem.

713 5745 790 5806 (2)
834 5745 1328 5816 Καλλυνομένων.
1368 5746 1505 5802 ΕιΙῘι.
1541 5745 1699 5808 male.
1727 5746 2154 5817 καλλυνόμενον.

2321 5449 2584 5515 πολλάκις
2618 5467 2707 5513 τις
2753 5450 2851 5520 τῆς
2885 5449 3102 5520 ἡμέρας
3148 5450 3329 5502 ικεῐσε
3379 5447 3684 5519 διέρχοιτο·
3718 5441 3868 5499 εἴποις

2317 5544 2384 5600 ἂν
2412 5545 2576 5605 αὐτὸν
2603 5543 2840 5615 βλέπων,
2866 5542 3002 5614 πρὸς
3031 5541 3235 5615 ἄνεμον
3251 5541 3469 5614 τρέχειν
3493 5540 3766 5613 ὁρμῶντα,
3784 5529 3864 5589 καὶ

709 5817 786 5888 (5)
820 5817 922 5871 Καὶ
965 5818 1106 5886 τοὺς
1147 5820 1356 5888 λίθους
1390 5818 1597 5874 αὐτοῦ.
1637 5819 1923 5890 Perperam
1962 5825 2013 5876 in
2041 5820 2207 5890 Edit.,

2312 5822 2331 5874 ἱ
2361 5819 2485 5883 τοὺς
2520 5817 2701 5882 λίθους
2727 5817 2904 5891 αύτῷ,
