4086 6236
479 318 587 390 921

1576 332 2035 394 DESCRIPTIO
2074 336 2636 399 AUGUSTEONIS.

3625 322 3731 388 922

468 438 572 511 τῆς
602 438 742 511 πρὸς
772 439 1040 516 ἀνατολὴν
1069 441 1364 501 ἅπτεσθαι.
1396 445 1588 511 Οὕτως
1617 447 1727 519 ἄρα
1758 447 1820 502 τὸ
1847 449 1945 518 τῆς
1968 467 2052 503 κε-

2162 454 2320 508 ferri.
2374 455 2550 521 Caput
2586 453 2658 506 ita
2713 451 3106 506 concinnatum
3155 454 3241 504 est
3290 456 3352 502 ut
3386 445 3730 502 ferocitatem

473 531 650 603 φαλῆς
675 534 1096 605 ἐσχημάτισται,
1129 536 1206 601 ὡς
1239 537 1726 612 ἀνασεσοεημένην
1761 536 1922 606 εῖναι,
1959 547 2052 600 καὶ⁸

475 626 608 696 πρὸς
645 626 851 701 βορρᾶν
879 631 1078 702 μικρὸν
1108 632 1605 700 παρεγκλίνουσαν.
1627 633 1813 699 Οὕτως
1840 637 1899 689 αἱ
1929 639 2049 706 χαῖ-

470 735 563 774 ται
592 723 688 776 καὶ
729 723 852 776 δσαι
884 722 1069 794 τρίχες
1094 727 1160 793 τῇ
1188 724 1403 798 κεφαλῇ
1436 727 1810 796 ἐμπεφύκασι,
1849 729 2053 798 φυγοῦ-

480 829 570 866 σαι
598 812 662 865 τὸ
688 811 930 876 εὔθετον.
965 815 1351 887 διεγείρονται,
1381 817 1479 872 καὶ
1525 818 1662 889 πρὸς
1690 819 1894 888 ἄνεμον
1923 821 2052 873 παί-

478 903 688 968 ζουσιν.
720 904 786 958 Et
811 905 870 958 δέ
895 921 999 960 που
1029 907 1127 960 σὺν
1156 907 1327 981 ταύτῃ
1373 910 1473 964 καὶ
1499 910 1912 985 τδννμὰριστερδν
1941 911 2050 965 τῶν

473 992 824 1066 ιμπροσθῑων
854 996 986 1060 ῐδοις
1015 997 1212 1060 ποδῶν.
1241 999 1360 1062 πῶς
1391 1001 1532 1055 κατὰ
1561 984 1702 1069 ,γόνυ
1729 1001 2050 1073 κυρτοῦται,

477 1086 574 1141 καὶ
625 1085 734 1142 τῶν
775 1088 954 1144 ἄλλων
983 1090 1395 1166 ἐρηρεισμένων
1423 1095 1504 1158 εις
1542 1094 1650 1163 γῆν
1689 1094 1858 1160 αὐτὸς
1888 1095 2052 1166 μόνος

438 1257 442 1259 Α
475 1178 744 1251 gemui,
795 1181 972 1246 εἴποις
997 1182 1064 1237 δν
1096 1184 1365 1239 κινεῖσθαι
1399 1184 1463 1256 δὴ
1503 1186 1598 1240 καὶ
1629 1184 1702 1241 τὰ
1745 1183 1952 1260 ἄψυχα.
1983 1186 2050 1242 Et

477 1271 536 1327 δὲ
562 1273 656 1326 καὶ
684 1272 903 1348 χαλινὸν
939 1275 1134 1346 ίφερεν
1169 1278 1262 1331 lari
1295 1277 1583 1348 στόματος,
1613 1278 1691 1343 ὡς
1723 1278 1872 1350 ἔχειν
1900 1281 2053 1337 sitd-

478 1361 598 1429 ζειν
624 1364 684 1418 τὸ
713 1365 883 1420 πάλαι
907 1367 1001 1422 τδν
1029 1366 1210 1437 ὀρθῶς
1236 1369 1631 1440 σκοπούμενον,
1661 1370 1886 1443 θάτερον
1913 1371 2051 1426 ὕπο·

479 1459 654 1512 νοοῖτο
682 1457 847 1526 δυοῖν,
885 1459 920 1532 ἢ
952 1459 1031 1533 τῷ
1063 1461 1262 1534 ῥυτῆρι
1307 1462 1634 1534 ἀγχόμενον,
1682 1463 1958 1535 κροαινειν
1987 1467 2053 1519 ἑκ

481 1549 605 1620 βίας
634 1548 714 1622 τῷ
738 1551 1078 1625 ιμπροσθιῳ,
1105 1553 1139 1624 ἢ
1169 1554 1274 1625 μὴν
1301 1554 1606 1626 ἀνιέμενον,
1643 1555 1818 1621 οὕτως
1857 1558 2052 1613 ιπιτα-

479 1642 664 1716 χύνειν
696 1644 768 1700 τὰ
808 1646 909 1717 τῆς
943 1648 1191 1716 πορείας,
1229 1648 1306 1712 ὡς
1354 1650 1429 1722 μὴ
1472 1649 1696 1718 φθάνειν
1723 1649 1917 1706 τοῦτον
1952 1652 2053 1722 τῆς

477 1735 581 1805 τῆς
628 1737 915 1804 ἄπτεσθαι,
946 1742 1042 1793 καὶ
1084 1740 1418 1809 προφθάνειν
1445 1741 1535 1796 τὸν
1577 1741 1822 1797 δπισθεν.
1862 1741 2051 1807 Οὕτως

2154 545 2438 609 exhibeat,
2498 554 2556 600 at
2603 543 2670 598 ad
2725 543 3055 614 Aquilonem
3115 554 3415 611 parumper
3467 538 3729 594 declinet.

2155 635 2313 691 Iubae
2356 645 2412 691 et
2450 636 2632 692 crines
2682 635 2851 706 capiti
2902 635 3180 691 haerentes
3230 632 3610 702 incompositi,
3663 628 3729 686 ad

2154 736 2378 780 ventum
2425 725 2617 781 ludere
2666 725 2944 781 videntur.
3001 725 3156 794 Quod
3199 724 3244 780 si
3278 723 3344 778 ad
3382 723 3501 778 hac
3532 723 3730 778 laevum

2151 815 2507 876 anteriorem
2537 818 2733 889 pedem
2767 819 3146 889 conspexeris,
3191 833 3220 872 a
3261 833 3403 889 genu
3438 832 3732 872 recurvum

2152 929 2218 971 ac
2254 915 2456 969 ﬂexum
2499 911 2781 977 advertas,
2817 912 2893 968 ita
2922 923 2984 968 ut
3013 912 3144 968 aliis
3185 921 3392 966 terram
3425 910 3732 980 prementi-

2153 1007 2260 1063 bus
2290 1007 2406 1078 ipse
2421 1006 2589 1062 'solus
2621 1017 2926 1075 suspensus
2955 1004 3026 1060 sit
3061 1022 3076 1058 :
3117 1019 3183 1058 ac
3213 1012 3375 1074 putes
3407 1002 3572 1057 etiam
3608 1000 3731 1052 ina-

2152 1099 2360 1156 nimata
2413 1099 2644 1155 moveri.
2681 1099 2839 1167 Quod
2871 1098 2916 1152 si
2973 1112 3214 1169 unquam
3269 1097 3482 1152 frenum
3534 1095 3590 1150 in
3636 1107 3732 1148 ore

2153 1184 2412 1254 habuerit
2460 1193 2477 1264 (
2506 1191 2653 1263 quod
2687 1205 2822 1247 sane
2865 1190 2994 1246 olim
3020 1190 3280 1245 habuisse
3315 1188 3534 1259 putabit
3575 1187 3730 1257 quisi

2151 1285 2279 1357 quis
2321 1291 2472 1342 recte
2504 1285 2960 1355 coniectaverit),
2999 1283 3328 1338 alterutrum
3368 1296 3501 1336 sane
3546 1279 3732 1350 suspi-

2153 1375 2335 1442 ceris,
2365 1382 2462 1430 aut
2489 1373 2746 1430 faucibus
2792 1373 3132 1428 habenarum
3165 1371 3218 1426 vi
3253 1370 3573 1428 constrictis
3605 1386 3730 1425 sese

2153 1479 2359 1537 equum
2388 1466 2631 1540 arrigere
2651 1508 2668 1532 ,
2701 1473 2797 1520 aut
2823 1465 3017 1521 laxatis
3058 1464 3290 1521 habenis
3317 1473 3428 1519 tam
3457 1463 3732 1519 concitato

2153 1573 2324 1615 cursu
2360 1559 2518 1626 ferri,
2548 1571 2607 1615 ut
2636 1575 2736 1630 pes
2775 1559 3020 1614 anterior
3055 1569 3261 1615 terram
3292 1575 3400 1614 non
3429 1559 3732 1628 contingat,

2155 1654 2542 1724 posteriorque
2575 1651 2899 1723 praeveniat.
2947 1653 3026 1708 lta
3081 1667 3213 1708 vero
3241 1667 3307 1707 ex
3352 1651 3548 1722 spiritu
3595 1666 3736 1722 quo-

2154 1744 2278 1800 dam
2326 1744 2546 1800 interno
2587 1756 2644 1800 et
2677 1743 2918 1799 naturali
2961 1742 3090 1814 equi
3140 1754 3366 1814 pectora
3407 1743 3730 1802 dilatantur.

477 1803 587 1900 ἄρα
625 1832 689 1884 ἐκ
727 1830 1040 1902 πνεύματός
1083 1803 1231 1896 τινος
1272 1834 1562 1906 ἑγκαρδίου
1615 1835 1862 1909 ιμφύτου
1912 1803 2052 1909 πρὸς

2155 1847 2216 1892 ut
2264 1837 2433 1892 etiam
2488 1839 2769 1893 musculos
2818 1836 3081 1892 observes
3124 1852 3140 1903 ;
3187 1836 3494 1892 siccanda
3542 1825 3734 1907 vigore

471 1919 571 1992 τὴν
621 1920 799 1991 ὁρμὴν
860 1920 958 1975 καὶ
1009 1921 1079 1977 τᾶ
1132 1922 1332 1994 στέρνα
1391 1924 1474 1996 τῷ
1525 1924 1650 1997 (diu)
1707 1926 2050 1998 εὐρύνονται,

474 2012 550 2077 ὡς
605 2014 992 2085 ὲπισημαίνειν
1040 2016 1138 2069 καὶ
1185 2016 1255 2070 τὰ
1304 2019 1598 2090 οἰδήματα.
1630 2019 1817 2086 οὕτως
1865 2021 2053 2092 ἀκμά-

476 2105 647 2170 ζουσα
691 2106 725 2176 η
773 2105 912 2178 ούρέε
955 2105 1200 2178 ὄπισθεν,
1236 2110 1296 2164 οὐ
1354 2112 1500 2165 κατὰ
1545 2111 1748 2183 τρόπον
1796 2117 2052 2185 κειμένη,

475 2196 591 2253 ἀλλ’
616 2192 728 2252 οἷον
756 2199 1174 2276 ἀνεγηγερμένη
1208 2201 1273 2256 τὸ
1319 2203 1557 2275 πρῶτον,
1598 2199 1716 2259 εἶτα
1748 2205 2051 2280 καθιεμένη

476 2292 629 2363 παρὰ
647 2293 819 2356 πόδας
842 2295 901 2356 ές
921 2294 1046 2366 γῆν.
1074 2293 1221 2366 Ὅρα
1241 2296 1296 2350 δὲ
1321 2298 1418 2351 καὶ
1445 2300 1538 2352 τὸν
1569 2299 1835 2371 επισάτην
1863 2298 2051 2368 εὐθὺς,

477 2383 708 2438 ιππότου
738 2383 985 2456 δρομέως
1033 2386 1226 2460 ιχοντα
1264 2387 1546 2459 σχήματα,
1576 2389 1671 2443 καὶ
1715 2392 1842 2453 τοὺς
1880 2390 2052 2455 πόδας

477 2476 632 2548 παρὰ
663 2476 906 2551 πλευρὰν
939 2480 1211 2551 ἑκατέραν
1243 2479 1512 2550 διέχοντα.
1542 2483 1605 2538 Ei
1633 2482 1689 2536 δέ
1729 2500 1793 2552 γε
1821 2489 1913 2539 καὶ
1947 2486 2048 2554 έμ-

478 2569 648 2630 δάδας
679 2570 894 2644 φοροίη.
928 2569 1043 2624 ἀλλ’
1072 2570 1326 2634 εἰκάσαις
1349 2572 1416 2625 ἂν
1443 2571 1606 2626 αύτδν
1633 2573 2053 2646 ιπιγαννυμένῳ

476 2661 556 2733 τῷ
582 2661 734 2732 ἵππῳ
767 2666 862 2716 καὶ
895 2661 1268 2735 κυδρουμένῳ,
1295 2663 1378 2718 ὅτι
1408 2663 1504 2717 καὶ
1542 2664 1666 2735 δίχα
1696 2665 1927 2736 κέντρου
1956 2668 2052 2719 καὶ

481 2755 706 2827 μύωπος
757 2755 956 2819 ἱκανῶς
1009 2757 1213 2810 ἀνυστά
1241 2757 1290 2811 οι
1337 2757 1410 2810 τὰ
1452 2754 1547 2810 τοῦ
1580 2755 1782 2828 δρόμου
1830 2757 1924 2812 καὶ
1951 2757 2052 2828 τῆς

476 2847 828 2918 προθέσεωςο
871 2848 964 2902 καὶ
1015 2847 1189 2911 οὕτως
1219 2847 1584 2920 ἀτημελήτως
1616 2849 1678 2918 io!
1715 2849 1874 2912 πόδες
1898 2848 2053 2921 ἐχου-

477 2957 584 3009 σιν,
618 2939 759 2995 ὥστε
787 2941 969 2995 δοκεῖν
1010 2940 1203 3003 αὐτοὺς
1234 2939 1327 3015 inp"
1354 2941 1538 2995 αὐτῶν
1573 2941 1918 3012 κρατεῖσθαι,
1958 2941 2052 2996 τοῦ

473 3032 776 3108 καρδιακοῦ
808 3031 1155 3104 δξημμένους
1193 3035 1518 3102 κινήματος,
1553 3035 1722 3105 μηδὲν
1752 3031 2050 3105 συνεχομέέ

2153 1932 2314 2001 plena
2367 1930 2650 1997 cernitur,
2707 1940 2770 1986 ut
2819 1945 2934 1986 non
2989 1929 3229 1987 demissa
3283 1929 3583 1997 concidat;
3634 1929 3733 1984 sed

2152 2021 2306 2092 quasi
2339 2032 2524 2078 erecta
2557 2023 2822 2092 primum,
2873 2021 3077 2078 deinde
3109 2021 3342 2079 remissa
3372 2021 3441 2078 ad
3475 2021 3647 2094 pedes
3675 2030 3735 2076 et

2151 2116 2224 2172 ad
2283 2126 2486 2171 terram
2544 2114 2752 2173 eﬂluat.
2810 2115 2869 2172 in
2918 2131 3194 2172 sessorem
3247 2130 3381 2172 vero
3435 2113 3735 2170 confestim

2152 2207 2347 2262 oculos
2360 2204 2608 2276 adiicias,
2627 2206 2874 2263 cursoris
2894 2207 3101 2280 equitis
3122 2207 3357 2263 formam
3378 2205 3734 2271 referentem,

2152 2306 2218 2354 ac
2245 2297 2418 2370 pedes
2443 2298 2511 2355 ad
2547 2307 2842 2371 utrumque
2871 2300 3018 2356 latus
3045 2285 3475 2358 distendentem.
3504 2299 3736 2356 Etiamsi

2153 2407 2288 2448 vero
2326 2392 2635 2450 calcaribus
2673 2395 2979 2452 instructus
3006 2399 3117 2464 sit;
3149 2405 3208 2452 at
3234 2395 3422 2452 statim
3468 2394 3736 2466 coniicias

2153 2501 2223 2543 ex
2257 2485 2384 2557 equi
2435 2485 2722 2543 alacritate
2748 2497 2807 2543 et
2855 2488 3086 2555 ferocia,
3140 2489 3319 2560 ipsum
3348 2488 3470 2544 sine
3510 2485 3735 2542 stimulo

2154 2595 2316 2650 posse
2364 2581 2712 2651 propositum
2757 2594 2985 2638 cursum
3025 2581 3319 2653 perﬁcere.
3351 2580 3527 2636 Pedes
3548 2587 3736 2634 autem

2156 2672 2230 2728 ita
2281 2672 2624 2743 negligenter
2669 2672 2960 2743 compositi
3007 2671 3291 2739 videntur,
3345 2680 3407 2729 ut
3454 2680 3641 2727 tamen
3673 2686 3733 2726 se

2156 2763 2260 2831 ipsi
2314 2763 2658 2828 contineant,
2689 2770 2747 2819 et
2793 2779 2862 2818 ex
2895 2764 3015 2834 ipso
3047 2763 3233 2820 cordis
3284 2771 3438 2818 motu
3483 2761 3597 2834 regi
3630 2775 3740 2830 pu-

2158 2865 2370 2925 tentur,
2423 2857 2576 2914 nulla
2629 2857 2899 2914 scandala
2948 2873 3050 2929 pro
3100 2872 3254 2914 more
3302 2856 3538 2915 suﬂulti.
3597 2855 3735 2912 Nam

2154 2963 2301 3020 equo
2339 2948 2542 3006 insidet
2578 2954 2756 3005 audax
2784 2948 3024 3020 iuvenis,
3057 2957 3208 3005 totus
3232 2947 3488 3005 sublimis
3519 2963 3585 3004 ac
3609 2962 3740 3018 pro—

2156 3039 2248 3097 cul
2302 3040 2635 3113 inspectanti
2676 3036 2880 3097 similis
2918 3058 2933 3096 :
2967 3039 3055 3094 vir
3098 3056 3255 3106 sane,
3299 3041 3394 3096 sed
3435 3039 3729 3103 imberbis,

473 3145 600 3193 νους
642 3129 701 3193 ἑξ
728 3127 1041 3197 ἑφεστρίδος
1089 3127 1231 3180 κατὰ
1279 3125 1343 3181 τδ
1390 3128 1645 3197 σύνηθες.
1690 3127 2052 3198 Ἐπικάθηται

2160 3132 2321 3204 cuius
2352 3148 2512 3189 coma
2562 3148 2594 3189 ε
2639 3131 2825 3188 fronte
2873 3131 3135 3198 detonsa,
3178 3147 3323 3205 pone
3356 3147 3494 3188 vero
3525 3145 3630 3187 nec
3664 3129 3734 3186 ad

474 3222 584 3294 γὰρ
607 3220 685 3292 τῷ
711 3220 863 3293 ῐππῳ
885 3218 1126 3293 θαρρῶν,
1151 3219 1385 3289 ἱππότης
1408 3220 1677 3284 νεανικὸς.
1704 3221 1824 3285 ὅλος
1850 3221 2055 3292 μετάρο

474 3333 611 3380 σιος,
649 3314 744 3368 καὶ
776 3313 971 3377 ἐοικὼς
1008 3312 1232 3382 μακρὰν
1265 3311 1557 3384 βλέποντι·
1594 3313 1731 3385 ἀνὴρ
1759 3315 1822 3367 οὐ
1854 3313 2057 3385 τριχώ-

474 3405 561 3463 σει
593 3407 748 3479 φίλος
774 3405 845 3461 τὰ
878 3405 1014 3476 πρὸς
1041 3406 1255 3475 ὑπήνην
1273 3419 1288 3437 ο
1322 3404 1425 3464 τὰς
1449 3403 1498 3459 δ’
1523 3406 1631 3460 ἀπὸ
1660 3406 1907 3476 κεφαλῆς
1936 3406 2058 3476 τρι.

471 3518 575 3575 χας
592 3503 610 3524 ⁶
632 3498 1002 3571 ἁπεθριμένος
1037 3497 1137 3574 μὲν
1158 3497 1226 3551 τὰ
1251 3498 1308 3560 ἐς
1341 3497 1597 3567 μέτωπον
1614 3515 1629 3529 ·
1649 3497 1717 3551 τὰ
1741 3497 1786 3551 δ’
1806 3499 2055 3567 δπισθεν,

470 3594 594 3655 ούδὶ
642 3592 805 3666 μέχρι
836 3591 1087 3662 αὐχένος,
1135 3591 1261 3644 ὅσον
1299 3593 1396 3645 xui.
1428 3591 1592 3646 αὐτὸν
1619 3593 1852 3662 ὁρᾶσθαι
1883 3593 2057 3664 κουρᾷ

471 3687 754 3761 χαίροντα.
788 3679 916 3740 Οἶον
958 3684 1015 3737 δὲ
1057 3684 1152 3739 καὶ
1190 3683 1252 3738 τὸ
1299 3684 1396 3737 ἐπὶ
1444 3684 1688 3757 κεφαλῆς
1719 3686 1939 3758 κράνος,
1979 3685 2056 3750 ὡς

474 3781 644 3852 μηδὲν
694 3776 1118 3844 ὲπικαλύπτειν,
1167 3777 1263 3832 καὶ
1314 3777 1415 3848 τὴν
1466 3777 1741 3851 φοροῦντα
1806 3781 2056 3850 κοσμεῖν.

471 3872 610 3930 Ούδὶ
640 3874 751 3943 γὰρ
809 3869 954 3926 κατὰ
1009 3871 1216 3935 πλάτος
1255 3870 1569 3925 ἐπίκειταιο
1605 3871 1729 3926 οὐδέ
1789 3889 1852 3942 γε
1909 3872 2057 3927 κατὰ

471 3966 672 4021 κύκλον
725 3964 1187 4036 ἀποτετόρνευται
1211 3982 1228 3997 ο
1258 3965 1375 4018 ἀλλ’
1428 3965 1555 4020 ὅσον
1589 3966 1689 4036 μὲν
1723 3963 1953 4034 ,ἐγγίζει
1983 3969 2052 4039 τῇ

471 4056 709 4129 κεφαλῇ,
744 4055 1012 4126 στέφανος
1040 4051 1186 4111 εἶναι
1222 4056 1390 4124 δοκεῖ,
1427 4059 1735 4129 κροτάφους
1778 4060 2055 4132 περιγράσ

471 4169 590 4223 φων
622 4151 682 4217 ἐξ
716 4150 835 4204 ῐσου
869 4151 965 4205 καὶ
1010 4150 1282 4222 μέτωπον.
1323 4151 1398 4206 Τὸ
1427 4151 1474 4205 δ’
1505 4151 1759 4207 ἐντεῦθεν
1797 4154 1890 4208 και
1915 4154 2052 4222 ἄνω,

470 4243 657 4316 ἠρέμα
700 4242 844 4297 κατὰ
876 4240 1053 4314 μῆκος
1097 4243 1404 4310 ικτέταται,
1430 4246 1525 4300 καὶ
1567 4247 1626 4311 ές
1660 4246 1796 4302 πολὺ
1826 4247 2051 4317 φθάνον,

469 4336 650 4408 πτερὰ
674 4339 740 4408 τῇ
776 4338 985 4407 κεφαλῇ
1019 4337 1312 4409 χρυσαυγῆ
1350 4337 1560 4406 γίνεται
1584 4355 1598 4370 ο
1631 4340 1725 4394 καὶ
1771 4340 1835 4394 τὸ
1862 4343 2052 4414 χρῆμα

468 4436 566 4492 καὶ
598 4435 658 4499 ές
682 4433 784 4504 εμὲ
809 4429 878 4506 ἦν
901 4433 1161 4503 ἀκέραιον
1182 4445 1198 4462 ⁸
1227 4432 1433 4503 ἀνέμου
1463 4432 1519 4485 δέ
1546 4449 1676 4486 ποτε
1721 4433 2052 4499 πνεύσαντος

2160 3227 2364 3284 collum
2425 3242 2602 3298 usque
2650 3225 3002 3293 demittitur;
3049 3236 3111 3283 ut
3135 3225 3383 3284 estimes
3425 3226 3578 3281 illum
3608 3236 3736 3280 tono

2157 3335 2290 3378 sura
2333 3318 2620 3377 delectari.
2649 3318 2975 3392 Cuiusmodi
3017 3329 3205 3377 autem
3235 3321 3416 3392 galea.
3443 3335 3569 3392 qua:
3594 3317 3734 3375 nihil

2157 3409 2380 3482 Obtegat
2411 3419 2470 3467 et
2500 3409 2750 3483 equitem
2776 3409 3052 3467 exornet?
3095 3425 3278 3483 neque
3301 3411 3452 3467 enim
3481 3410 3568 3466 vel
3595 3408 3737 3464 isti-

2158 3501 2406 3560 tudinem
2436 3502 2676 3569 obtinet,
2714 3504 2800 3560 vel
2843 3511 3010 3574 caput
3038 3502 3452 3568 circumcludit,
3484 3503 3583 3559 sed
3627 3515 3735 3575 qua

2156 3596 2323 3669 capiti
2350 3595 2683 3652 admovetur
2715 3612 2936 3654 coronae
2973 3597 3174 3654 similis
3215 3608 3326 3663 est,
3375 3606 3628 3668 tempora
3678 3606 3736 3652 et

2156 3688 2393 3745 frontem
2439 3688 2790 3760 aequabiliter
2835 3688 3304 3746 circumscribens
3349 3707 3364 3744 :
3410 3688 3542 3745 hinc
3600 3703 3733 3744 vero

2155 3798 2394 3853 superne
2416 3781 2623 3839 sensim
2655 3781 3002 3854 longitudine
3031 3783 3370 3845 extenditur,
3416 3791 3472 3837 et
3499 3782 3733 3837 multum

2155 3890 2450 3948 assurgens
2491 3875 2546 3930 in
2581 3889 2790 3947 pennas
2823 3874 3118 3932 deauratas
3144 3892 3175 3930 a
3207 3877 3450 3932 culmine
3487 3878 3732 3933 desiuit:

2155 3985 2280 4042 quae
2303 3968 2370 4024 ad
2403 3984 2587 4026 meum
2613 3983 2790 4039 usque
2819 3979 3036 4039 tempus
3063 3979 3294 4024 servata:
3319 3981 3446 4025 sunt
3492 3989 3508 4025 τ
3536 3987 3731 4025 verum

2156 4061 2386 4119 reﬂante
2432 4061 2922 4128 vehementissimo
2967 4071 3134 4116 vento
3163 4062 3288 4117 duae
3332 4076 3530 4134 penna:
3559 4061 3734 4117 colla-

2153 4170 2267 4226 psas
2315 4164 2443 4210 sunt
2482 4172 2496 4209 :
2539 4170 2660 4224 qua:
2722 4163 2854 4208 tunc
2907 4154 3068 4225 longe
3109 4156 3345 4226 maiores
3395 4154 3526 4210 visa
3581 4163 3733 4221 sunt,

2155 4263 2320 4319 quam
2352 4264 2476 4303 cum
2513 4258 2681 4318 caput
2723 4259 3061 4304 exornarcnt
3101 4257 3202 4306 :et
3231 4248 3498 4303 hactenus
3523 4248 3577 4303 in
3609 4248 3733 4304 the-

2156 4357 2323 4398 sauro
2349 4341 2605 4397 Ecclesia-
2637 4343 2938 4398 rcconditaa
2983 4342 3266 4398 videntur.
3297 4340 3514 4412 Corpus
3547 4351 3732 4397 autem

2159 4433 2438 4488 strictiore
2475 4448 2578 4487 nec
2604 4432 2885 4502 superﬂue
2913 4433 3214 4487 exundanti
3250 4436 3435 4487 tunica
3464 4433 3733 4488 interiore

471 4527 742 4593 ἐξαισίου,
781 4527 1103 4601 ριπτοῦνται
1142 4524 1239 4581 δύο
1271 4526 1452 4598 πτερά
1475 4543 1489 4559 ο
1520 4528 1612 4580 καὶ
1664 4527 1788 4580 τότε
1822 4528 2052 4601 μέγιστα

2164 4527 2420 4590 vestitur,
2465 4525 2685 4596 qualem
2742 4536 2959 4595 gestant
3008 4524 3225 4595 equites
3270 4525 3579 4579 cultiores:
3611 4542 3734 4596 qua:

471 4620 654 4691 πολλῷ
694 4623 808 4684 τοῖς
858 4620 1060 4694 δρῶσιν
1117 4622 1394 4691 ἐφαίνετο,
1434 4622 1468 4691 ἢ
1529 4620 1762 4675 καθόσον
1814 4607 2050 4694 ὁρῶνται

470 4712 784 4784 κοσμοῦντα
808 4712 909 4783 τὴν
943 4713 1188 4785 κεφαλήν
1211 4729 1225 4744 ·
1251 4712 1288 4769 δ.
1315 4713 1380 4782 δὴ
1403 4715 1496 4766 καὶ
1528 4715 1583 4776 ἐς
1606 4711 1766 4784 δεῦρο
1797 4717 1950 4779 παρὰ
1977 4715 2054 4787 τῷ

469 4806 569 4875 τῆς
601 4807 905 4874 ἐκκλησίας
949 4805 1187 4877 ταμιείῳ
1217 4803 1782 4878 ἀποτεθησαύρισται.
1821 4807 2054 4862 Ἔσταλ-

473 4916 564 4953 ται
606 4901 665 4954 δὲ
693 4901 788 4953 καὶ
834 4900 896 4954 τὸ
930 4900 1111 4972 σῶμα,
1146 4901 1299 4964 ἐντὸς
1337 4901 1436 4971 μὲν
1475 4900 1538 4955 οὐ
1571 4905 1800 4973 περιττῇ
1828 4919 1934 4958 τινι
1961 4905 2057 4960 καὶ

476 4995 913 5065 περισσευομένῃ
953 4993 1138 5065 στολῇ,
1172 4995 1288 5047 ἀλλ’
1315 4994 1436 5049 οἵαν
1484 4995 1752 5068 εὐσταλὴς
1791 4995 1858 5049 ἂν
1891 4996 2056 5051 ἱππό-

472 5103 572 5155 της
597 5087 951 5158 ἁμπίσχοιτο,
985 5088 1194 5141 ἄνωθεν
1224 5087 1344 5158 μὲν,
1391 5088 1548 5158 μόλις
1585 5089 1680 5141 καὶ
1713 5089 1771 5152 ἐς
1805 5088 2054 5157 ἀγκῶνα,

473 5178 721 5235 κάτωθεν
767 5180 846 5248 δὲ,
888 5181 1016 5252 περὶ
1050 5182 1256 5250 γόνατα
1306 5183 1639 5251 φθάνουσαν.
1689 5182 1958 5252 ’Λνῆπται
1995 5184 2054 5239 δὲ

475 5269 570 5325 καὶ
598 5269 841 5341 μανδύαν
888 5272 1064 5337 ὲκτδς,
1104 5272 1321 5344 στολὴν,
1358 5272 1433 5337 ὥς
1477 5291 1665 5344 φησιν,
1710 5273 2008 5345 Ἀχίλλειον
2034 5292 2050 5306 ·

471 5359 508 5432 ἡ
534 5362 629 5415 καί
654 5377 780 5416 τινα
807 5361 1161 5419 καλύπτουσα
1190 5364 1298 5418 τῶν
1323 5364 1531 5437 μερῶν,
1559 5365 1816 5421 κάκετθεν
1844 5366 1939 5420 ἐπὶ
1960 5367 2054 5422 τὸν

469 5449 761 5525 ἀριστερὸν
792 5447 944 5524 ὦμον
990 5455 1343 5528 ιπικειμένη,
1373 5459 1571 5526 φθάνει
1624 5460 1718 5512 καὶ
1753 5458 1922 5529 μέχρι
1951 5458 2052 5529 τῆς

469 5543 564 5600 τοῦ
613 5546 785 5602 ῐππου
824 5546 995 5616 ίξύος,
1037 5548 1171 5602 πολύ
1203 5565 1260 5603 τε
1309 5550 1478 5622 μέρος
1507 5549 1912 5620 περιλαμϐάνει
1941 5550 2052 5603 τῶν

468 5638 719 5708 δπισθεν,
751 5637 848 5694 καὶ
869 5640 1102 5713 περιττὴ
1132 5640 1514 5712 περικέχυται.
1558 5642 1620 5693 Ai
1654 5640 1838 5710 μέντοι
1868 5644 2052 5714 χεῖρες

469 5734 550 5809 τῷ
575 5733 856 5808 ἀνδριάντι
893 5735 994 5790 οὐκ
1037 5734 1397 5805 ἀσχολοῦνται
1429 5738 1558 5810 περὶ
1599 5737 1688 5789 τὸν
1721 5735 1911 5798 ῐππον,
1943 5738 2054 5791 οὐδ’

469 5829 592 5885 ὅσον
623 5831 717 5885 καὶ
748 5828 947 5884 ἰθύνειν
976 5829 1284 5900 ἱππηλάτου
1316 5833 1516 5899 τρόπον
1541 5829 1718 5895 δογνεῖν
1738 5847 1754 5864 ο
1788 5831 1923 5888 ἀλλὰ
1952 5833 2050 5904 τὴν

2160 4632 2400 4688 superne
2427 4617 2518 4673 vix
2543 4619 2790 4672 cubitum
2827 4618 3069 4689 attingit,
3110 4619 3247 4672 infra
3287 4632 3418 4672 vero
3447 4620 3512 4672 ad
3554 4635 3730 4689 genua

2155 4710 2500 4766 extenditur.
2556 4710 2814 4766 Exterius
2869 4718 3052 4765 autem
3108 4709 3330 4780 pallium
3389 4710 3730 4782 adiungitur,

2157 4805 2305 4878 quod
2354 4805 2658 4861 Achilleam
2709 4804 2906 4860 stolam
2959 4813 3303 4874 nuncupant.
3339 4803 3415 4859 Ea
3463 4819 3594 4858 vero
3628 4805 3732 4858 aii-

2158 4915 2298 4971 quas
2333 4899 2585 4969 corporis
2615 4908 2798 4971 partes
2847 4898 3137 4968 obtegens,
3185 4906 3352 4968 atque
3395 4897 3526 4954 hinc
3556 4898 3611 4952 in
3642 4897 3734 4953 lae~

2157 5008 2292 5048 vum
2341 4992 2634 5048 humerum
2685 4993 2938 5057 collecta,
2988 5007 3164 5063 usque
3213 4991 3280 5046 ad
3330 4991 3549 5048 lumbos
3599 4993 3728 5062 equi

2158 5085 2443 5156 pertingit,
2485 5095 2540 5141 et
2588 5101 2837 5157 magnam
2891 5085 3260 5156 posteriorum
3307 5094 3517 5156 partem
3564 5101 3732 5142 occu-

2158 5195 2294 5249 pans
2328 5180 2475 5248 large
2509 5177 2728 5233 difﬂuit.
2783 5176 2979 5233 Manus
3032 5193 3164 5234 vero
3210 5188 3411 5234 statuae
3464 5193 3573 5233 non
3620 5186 3731 5233 tra-

2158 5271 2362 5328 ctando
2407 5286 2472 5327 ac
2519 5270 2828 5340 dirigenda,
2864 5285 3144 5326 sessorum
3179 5285 3351 5332 more,
3386 5286 3532 5341 equo
3559 5286 3730 5326 oceu-

2155 5375 2359 5438 pantur
2378 5382 2391 5432 ;
2411 5363 2506 5420 sed
2531 5364 2778 5419 dextram
2827 5363 3050 5433 quidem
3079 5363 3266 5434 erigit,
3287 5363 3446 5432 quasi
3475 5362 3728 5418 martiali

2155 5461 2393 5531 quodam
2452 5472 2833 5529 generosoque
2892 5472 3059 5512 sensu
3119 5464 3178 5511 et
3231 5457 3418 5511 animo
3476 5456 3731 5511 hostibus

2156 5553 2392 5624 grawizer
2443 5552 2859 5607 interminetur.
2894 5550 3102 5606 Verum
3149 5564 3259 5604 non
3287 5564 3355 5604 ex
3385 5550 3625 5603 amentia
3670 5556 3730 5604 et

2157 5646 2350 5701 insana
2399 5645 2631 5700 audacia
2674 5642 2935 5715 quadam,
2975 5652 3034 5696 ut
3076 5642 3350 5714 quispiam
3402 5641 3724 5695 arbitretur.

2156 5738 2292 5795 Nam
2333 5741 2465 5794 laeva
2513 5752 2712 5793 manus
2738 5736 2871 5794 huic
2913 5737 3160 5793 occurrit
3189 5734 3520 5808 suspicioni,
3563 5751 3727 5805 atque

2159 5833 2337 5889 virum
2383 5833 2452 5888 ab
2495 5846 2557 5888 ca
2602 5831 2762 5902 plane
2804 5828 3056 5888 defendit
3085 5837 3141 5887 et
3180 5840 3386 5886 tuetur.
3440 5827 3730 5900 Siquidem
