4086 6236
285 331 383 399 Nl

1722 332 2060 404 NUTITIA.

3427 353 3536 420 942

345 450 454 506 \m'.
486 447 729 522 Πότερον
759 449 986 524 ἄμεινον
1021 451 1299 526 ἀνθρώπῳ
1331 453 1393 510 τδ
1439 453 1694 524 γενέσθαι
1727 454 1760 526 ἢ
1791 455 1848 508 τὸ

2026 456 2117 512 58.
2159 457 2424 516 Meliusue
2452 455 2523 518 sit
2553 457 2765 520 homini
2792 479 2934 532 esse,
2963 478 3127 536 quam
3159 481 3267 522 non
3295 468 3457 525 esse?
3481 480 3538 525 et

277 541 359 614 μὴ
383 541 667 611 γενέσθαι,
700 545 794 600 καὶ
823 545 908 602 ὃτι
933 545 1161 622 ἄμεινον
1182 549 1246 604 τδ
1286 547 1566 619 γενέσθαι.

344 635 445 694 νθ⁴.
479 636 605 693 Ὀτι
654 637 794 694 πολὺ
847 641 986 715 παρ’
1033 639 1350 716 ἀνθρώποις
1383 641 1448 697 τὸ
1496 641 1855 714 περιαυτολο-

267 731 412 798 τείν.

346 820 410 888 ξ’.
445 817 569 879 Ὀτι
597 825 826 900 ἄπορον,
861 826 1074 895 ιί,ῐοτι
1119 846 1206 906 τις
1249 829 1564 904 ἀνθρώποις
1593 827 1854 895 καθάπαξ

270 915 483 989 γαλήνη
519 918 662 974 κατὰ
692 921 823 984 τοὺς
853 921 1174 994 λογισμούς.

340 1009 445 1078 ξω.
477 1014 601 1068 ὐτι
644 1013 747 1069 οὐκ
795 1011 902 1084 ἔξω
951 1015 1116 1087 λόγου
1167 1017 1485 1072 παντάπασι
1543 1016 1751 1083 δόξειεν
1785 1017 1852 1072 ἂν

263 1096 412 1157 εἶναι
449 1104 518 1157 τὰ
548 1104 658 1158 τῶν
702 1105 1042 1177 Ἐφεκτικῶν
1091 1108 1528 1178 ἐναντιουμένων
1564 1110 1697 1180 πρὸς
1747 1113 1853 1164 τιᾶ-

266 1211 375 1251 σαν
395 1196 730 1270 κατάληψιν,
758 1201 854 1255 καὶ
881 1202 967 1256 ὅτι
1010 1201 1110 1256 καὶ
1156 1201 1386 1258 Πλάτων
1412 1201 1506 1256 καὶ
1548 1201 1849 1274 Σωκράτης

262 1288 443 1363 ἀρχὰς
465 1292 546 1355 είς
573 1291 720 1347 τοῦτ’
743 1293 974 1350 ἔδωκαν.

341 1382 438 1454 ξβσ.
472 1386 610 1456 Περὶ
645 1386 759 1441 τῶν
809 1388 1204 1458 ἐμπιπτόντων
1235 1390 1544 1463 πράγμασι.
1576 1391 1688 1446 τῶν
1747 1389 1848 1461 μὲν

260 1474 356 1531 διὸ.
387 1478 774 1551 φιλόπραγμον
819 1476 953 1553 ἦθος
986 1480 1213 1551 φαῦλον,
1251 1483 1362 1538 τῶν
1388 1483 1446 1538 et
1484 1483 1574 1538 διὰ
1602 1483 1848 1556 ἀμαθίαν

259 1571 363 1626 καὶ
392 1573 735 1646 ἀπρονόητον
764 1573 866 1646 τὴν
898 1573 1094 1648 τύχην.

334 1747 435 1818 ἔτ’.
468 1749 603 1821 Περὶ
642 1751 750 1806 τῶν
780 1751 1035 1822 ἐλπίδων,
1067 1754 1164 1811 καὶ
1209 1755 1293 1809 ὅτι
1338 1752 1543 1822 τρόπον
1582 1755 1686 1826 μέν
1720 1733 1856 1809 τινα.

1955 551 2104 622 quod
2135 560 2357 623 praestet
2379 569 2526 612 esse.

2028 644 2118 701 59.
2158 644 2314 714 Quod
2347 647 2607 721 frequens
2635 651 2707 707 sit
2735 651 2880 724 apud
2907 651 3181 722 homines,
3210 664 3269 712 ut
3296 656 3537 714 libenter

1955 735 2023 794 de
2049 753 2106 794 se
2135 751 2191 795 et
2219 739 2386 798 rebus
2410 741 2529 798 suis
2555 742 2873 815 loquantur.

2025 830 2118 886 60.
2160 831 2398 890 Dubium
2440 851 2582 903 esse,
2625 853 2696 894 an
2741 855 2982 913 unquam
3025 843 3299 900 serenitas
3328 847 3532 902 tuentis

1953 921 2114 992 plena
2145 923 2463 984 hominibus
2493 928 2759 1004 obtingat.

2025 1013 2113 1070 6i.
2153 1015 2310 1084 Quod
2357 1034 2470 1076 non
2513 1037 2913 1097 usquequaque
2951 1025 3208 1084 videatur
3243 1044 3275 1085 a
3320 1031 3534 1087 ratione

1950 1104 2192 1163 alienum
2217 1110 2587 1173 admittendas
2606 1115 2986 1188 Sceptieorum
3010 1121 3373 1193 objectiones,
3399 1140 3538 1195 quas

1952 1198 2105 1252 omni
2142 1203 2482 1271 perceptioni
2517 1219 2839 1278 opponunt,
2870 1219 2930 1266 et
2963 1212 3110 1284 quod
3145 1214 3300 1271 Plato
3329 1231 3399 1271 ac
3431 1217 3534 1272 So-

1952 1300 2129 1345 crates
2158 1294 2426 1366 principia
2456 1299 2523 1352 ad
2559 1299 2666 1357 hoc
2694 1305 3212 1374 suppeditaverunt.

2023 1381 2118 1438 63.
2162 1384 2238 1441 De
2267 1385 2336 1441 iis
2360 1389 2460 1460 qui
2487 1393 2725 1468 negotiis
2752 1410 2812 1452 se
2858 1396 3133 1470 objiciunt
3160 1400 3275 1456 sive
3302 1411 3530 1472 propter

1947 1476 2210 1535 vitiosum
2237 1496 2444 1538 morem
2470 1474 2755 1541 hominum
2780 1488 2979 1545 alienis
3002 1505 3061 1546 se
3087 1491 3534 1563 admiscentium,

1950 1568 2066 1627 sive
2111 1571 2185 1627 ob
2236 1574 2456 1632 illorum
2503 1577 2818 1647 inscitiam,
2863 1582 2982 1640 sive
3026 1585 3366 1656 inopinatam
3418 1588 3533 1645 for-

1952 1667 2161 1720 tunam.

2025 1761 2116 1820 63.
2152 1762 2229 1818 De
2262 1780 2397 1834 spe.
2428 1775 2486 1822 et
2515 1768 2664 1838 quod
2695 1765 2806 1843 jam
2843 1771 2917 1828 sit
2950 1786 3039 1832 res
3072 1774 3390 1835 hominibus
3425 1781 3535 1836 uti-

255 1837 703 1910 βιωφελέστατον
750 1841 1066 1914 ἀνθρώποις
1109 1844 1171 1900 τὸ
1224 1844 1351 1900 κατ’
1401 1843 1577 1910 αὑτὰς
1626 1845 1845 1917 χρῆμα,

1949 1855 2157 1912 lissima
2209 1858 2316 1913 'am
2347 1857 2551 1917 iterum
2583 1866 2747 1919 noxia
2778 1875 2835 1922 et
2865 1867 3189 1940 rejicienda.

254 1933 465 2000 τρόπον
508 1933 569 1990 δέ
590 1933 696 1990 τιν’
723 1930 884 2002 αὖθις
915 1937 1177 2005 καθάπαξ
1223 1938 1524 2010 νεμεσητὸν
1571 1941 1668 1994 καὶ
1713 1955 1848 1994 κατ-

250 2027 632 2099 ιγνωσμένον.

330 2119 426 2188 ξδ’.
459 2123 585 2177 ὀτι
630 2122 850 2193 ἥδιστον
892 2124 1210 2197 ἀνθρώποις
1251 2125 1310 2182 ὲν
1339 2125 1456 2191 τοῖς
1493 2127 1720 2191 οίκείοις
1750 2127 1847 2182 καὶ

253 2211 485 2286 συνήθει
513 2214 769 2290 διατριϐῇ
801 2215 981 2273 ὁτιοῦν
1009 2219 1275 2291 πράττειν
1315 2217 1378 2274 εὖ
1410 2222 1508 2274 καὶ
1547 2219 1841 2292 τιμᾶσθαι.

331 2396 427 2464 ρξε’.
459 2395 584 2453 Ὀτι
613 2395 880 2465 πολλάκις
903 2397 1038 2454 ἔνιοι
1071 2401 1451 2472 συμπίπτουσι
1483 2402 1597 2466 τοῖς
1627 2400 1843 2458 ἱαυτῶν
1870 2419 1878 2425 ’

249 2487 498 2561 δόγμασι
531 2489 631 2546 καὶ
669 2491 922 2562 κρίσεσι.
943 2493 1040 2547 καὶ
1083 2492 1338 2548 ὅλλννται
1381 2493 1542 2568 δίκης
1574 2497 1840 2568 σφέτερα.

328 2679 440 2749 εντ’.
473 2679 600 2736 Ὀτι
632 2673 780 2748 τινές
813 2671 924 2735 eiet
951 2681 1139 2751 ταχεῖς
1169 2679 1448 2736 πιστεύειν
1487 2683 1556 2756 τῇ
1594 2681 1836 2754 Προνοία

239 2771 347 2828 διὰ
389 2774 460 2828 τὰ
502 2773 809 2846 φαινόμενα
846 2772 992 2828 κατὰ
1039 2775 1200 2842 λόγον
1242 2776 1494 2848 ἁπαντᾷν
1539 2776 1656 2840 τοῖς
1698 2792 1841 2848 χρη-

254 2867 404 2929 στοῖς
432 2882 493 2921 τε
542 2867 642 2921 καὶ
665 2869 927 2941 πονηροῖς
955 2869 1022 2922 ἐκ
1064 2867 1159 2922 τοῦ
1189 2869 1509 2941 προχείρου,
1551 2870 1646 2924 καὶ
1681 2865 1841 2934 αὖθις

250 2960 514 3014 ἀπιστεῖν
539 2961 607 3030 τῇ
637 2959 875 3033 Προνοίᾳ
903 2961 993 3016 διὰ
1016 2959 1276 3016 τάναντία
1314 2961 1550 3027 τούτοις.

326 3049 425 3120 εξ.
458 3050 584 3106 Ὀτι
635 3051 960 3124 θαυμασίως
988 3053 1254 3118 πολλάκις
1299 3054 1462 3108 εἴωθε
1507 3056 1629 3119 ταῖς
1678 3053 1840 3124 μεγε.

251 3162 414 3209 σταις
465 3144 844 3216 πράξεσι-καὶ
893 3145 1180 3217 εὐτυχίαις
1231 3147 1466 3217 τάχιστα
1515 3147 1895 3224 ἀκολουθεῖν

2021 2116 2115 2180 64.
2155 2119 2313 2192 Quod
2339 2120 2808 2204 iucundissimum
2841 2131 2915 2189 sit
2945 2133 3159 2192 homini
3196 2135 3248 2192 in
3284 2140 3401 2196 suis
3435 2157 3534 2197 nc-

1945 2216 2111 2287 gotiis
2146 2228 2203 2274 et
2232 2231 2498 2278 consueto
2532 2223 2655 2278 vitae
2690 2241 2912 2298 genere,
2944 2231 3325 2303 qualecunque
3360 2235 3530 2292 etiam

1947 2307 2082 2364 illud
2114 2310 2208 2374 sit.
2240 2313 2379 2370 bene
2409 2324 2467 2369 et
2493 2331 2619 2372 cum
2650 2317 2862 2376 honore
2891 2335 3006 2376 rem
3037 2337 3251 2394 gerere.

2017 2401 2110 2458 65.
2149 2402 2540 2475 Smpenumero
2570 2410 2789 2484 aliquos
2820 2413 3103 2470 adversari
3136 2417 3253 2473 suis
3282 2418 3528 2489 ipsorum

1945 2495 2303 2566 opinionibus
2346 2514 2410 2557 ac
2446 2501 2694 2574 iudiciis,
2731 2515 2789 2562 et
2831 2508 3214 2582 propria'jura
3259 2512 3532 2571 interver-

1948 2594 2084 2642 tere.

2020 2680 2109 2737 66.
2150 2680 2306 2749 Quod
2362 2685 2534 2758 aliqui
2595 2687 2756 2746 facile
2806 2691 3038 2749 credant
3082 2693 3530 2767 Providentiam,

1943 2788 2071 2831 cum
2099 2775 2290 2832 vident
2324 2777 2379 2833 in
2414 2781 2666 2849 praesenti
2701 2782 2861 2840 bonis
2893 2794 2949 2841 et
2981 2787 3140 2845 malis
3170 2789 3246 2844 ita
3280 2792 3438 2861 fieri,
3470 2803 3535 2848 ut

1943 2877 2232 2925 merentur
2262 2887 2278 2925 :
2308 2870 2400 2928 alii
2434 2873 2673 2931 vicissim
2705 2891 2817 2933 non
2848 2879 3082 2937 credant
3108 2882 3181 2938 ob
3214 2883 3366 2940 hisce
3398 2900 3532 2941 con-

1891 2997 1897 3004 -
1942 2963 2134 3019 traria.

2011 3055 2102 3111 67.
2143 3055 2297 3123 Quod
2329 3061 2530 3130 saepius
2560 3063 2741 3119 solent
2774 3075 2898 3136 post
2929 3069 3199 3127 maximas
3228 3085 3319 3127 res
3347 3081 3528 3142 gestas

1940 3155 1998 3203 et
2028 3148 2305 3206 fortunam
2343 3154 2776 3223 pulcherrimam
2813 3161 2951 3216 mira
2987 3164 3296 3220 mutatione
3329 3166 3532 3222 celeri-

247 3237 700 3310 δυσπραγήματα
753 3237 971 3310 χαλεπὰ
1026 3238 1125 3317 καὶ
1186 3239 1357 3310 μηδὲν
1410 3233 1576 3311 ἧττον
1629 3241 1831 3294 ἀνυπο-

1941 3247 2025 3294 ter
2047 3242 2203 3314 sequi
2231 3243 2538 3302 infortunia
2562 3250 2888 3311 gravissima
2908 3263 2967 3310 et
2991 3270 3099 3310 non
3129 3258 3314 3313 minus
3342 3260 3528 3331 inspe-

245 3333 576 3497 “22:10::
620 3425 722 3480 οὐκ
755 3424 907 3479 ἔστιν
949 3424 1092 3490 ὅλως
1130 3425 1190 3480 ἑν
1245 3425 1558 3497 ἀνθρώποις
1586 3426 1832 3498 ὁμοφρο-

246 3516 409 3590 σύνη.

320 3607 421 3677 ξθ’.
450 3605 581 3663 Ὀτι
611 3606 750 3663 πολὺ
790 3605 1009 3663 νοσοῦσι
1031 3607 1155 3673 ταῖς
1187 3608 1590 3681 προσπαθείαις
1615 3606 1830 3682 ἄνθρω-
1891 3638 1899 3646 -

243 3719 366 3772 ⁴ποι,
396 3704 493 3757 καὶ
523 3702 630 3757 οὐκ
657 3699 836 3773 ὀρθῶς
865 3700 1090 3771 ὁρῶσιν.

319 3798 384 3850 ον.
418 3797 543 3850 Ὀτι
592 3797 843 3868 χρήσιμα
898 3794 969 3850 τὰ
1025 3798 1092 3849 ὲκ
1132 3793 1229 3851 τοῦ
1290 3795 1684 3877 μαθηματικοῦ
1733 3798 1831 3852 καὶ

242 3888 627 3962 γεωμετρικοῦ
659 3891 762 3960 τῆς
810 3887 1131 3957 φιλοσοφίας
1160 3890 1336 3954 εἴδους
1365 3890 1455 3944 διὰ
1487 3890 1559 3946 τά
1604 3909 1665 3946 τε
1692 3892 1830 3948 ἄλλα

245 3984 479 4038 πλεῖστα
506 3982 585 4053 τῷ
612 3981 715 4054 βίῳ
734 3985 827 4035 καὶ
851 3980 943 4035 διὰ
971 3981 1040 4035 τὰ
1069 3982 1179 4037 τῶν
1210 3983 1534 4054 μηχανικῶν
1559 3984 1720 4057 ἔργα.

317 4165 422 4225 οα⁹.
453 4169 592 4239 Περὶ
621 4167 994 4239 Πλουτάρχου.

315 4261 420 4333 οβ’.
455 4260 670 4334 Θεωρία
699 4261 780 4324 είς
807 4261 866 4313 τὸ
889 4261 1046 4327 ἔπος,
1083 4261 1165 4326 τὸ,
1215 4255 1374 4318 Λάϐε
1401 4261 1662 4330 βιώσας.

314 4447 419 4514 of.
453 4442 518 4498 Ei.
552 4442 920 4512 repudiarunt
950 4442 1029 4513 τῷ
1054 4443 1458 4513 Χριστιανικῶς
1488 4445 1589 4515 ζῇν
1631 4443 1693 4498 τδ
1729 4461 1829 4514 με·

1937 3345 2077 3389 rata.

2004 3424 2094 3482 68.
2135 3427 2293 3495 Quod
2323 3433 2557 3491 omnino
2588 3450 2698 3492 non
2729 3448 2816 3494 est
2846 3437 2993 3495 inter
3020 3437 3275 3500 homines
3309 3446 3524 3504 animo-

1935 3535 2058 3575 rum
2087 3531 2145 3589 et
2175 3524 2504 3594 opinionum
2532 3530 2851 3586 concordia.

2008 3614 2098 3670 69.
2136 3614 2295 3683 Quod
2323 3619 2624 3690 plurimum
2650 3622 2907 3681 laborant
2932 3624 3185 3685 homines
3208 3629 3522 3701 affectibus.

1934 3720 2036 3763 nec
2061 3710 2196 3767 satis
2225 3722 2376 3770 recte
2399 3714 2610 3773 vident.

2005 3799 2091 3855 70.
2133 3800 2291 3870 Quod
2337 3821 2403 3861 ex
2454 3808 2836 3869 mathematica
2884 3821 2939 3870 et
2985 3817 3319 3888 geometrica
3367 3831 3522 3892 parte

1933 3893 2298 3967 philosophia;
2332 3901 2600 3958 utilitates
2629 3905 2881 3974 plurima:
2913 3909 3232 3968 redundent
3263 3913 3318 3968 in
3350 3915 3520 3970 vitam

1931 3987 2229 4044 humanam
2254 4034 2268 4058 ,
2302 4001 2418 4048 tum
2450 3995 2592 4061 alia,
2621 4005 2738 4053 tum
2769 4015 2893 4072 quae
2920 4001 2980 4057 in
3011 4005 3276 4074 operibus
3303 4009 3525 4063 mecha-

1932 4083 2073 4138 nicis
2098 4087 2540 4154 conspiciuntur.
3162 4104 3167 4109 '

2004 4176 2092 4232 71.
2133 4178 2209 4233 De
2243 4179 2556 4239 Plutarcho.

2003 4272 2093 4326 72.
2136 4273 2442 4345 Disputatio
2482 4275 2552 4332 de
2593 4277 2744 4336 dicto
2787 4299 2803 4337 :
2848 4280 2954 4351 Qui
2996 4285 3124 4342 bene
3166 4287 3347 4355 latuit,
3392 4287 3521 4344 bene

1929 4365 2079 4424 vixit.

2003 4457 2092 4514 75.
2130 4459 2274 4516 Num
2313 4460 2645 4522 Christiana:
2679 4467 2807 4525 vitae
2844 4480 3111 4542 repugnet
3147 4475 3334 4532 vivere
3373 4478 3520 4534 inter

243 4539 318 4592 τὰ
339 4537 552 4592 πολλῶν
581 4536 680 4610 ζῇν
717 4538 814 4592 καὶ
844 4538 902 4590 ιν
953 4535 1174 4599 πολλοῖς
1209 4537 1499 4607 πράγμασι
1553 4537 1675 4609 ζῇν.
1702 4537 1828 4612 [75.

1939 4552 2139 4609 multos
2169 4564 2228 4610 et
2254 4557 2443 4615 multis
2474 4559 2816 4630 implicatum
2845 4535 2966 4620 esse
2983 4535 3252 4638 hegotiis.

247 4633 309 4689 81
351 4632 540 4688 omisit
580 4630 690 4704 BL]

313 4725 408 4780 06'.
443 4725 566 4780 Ὅτι
586 4725 647 4778 τὸ
678 4725 752 4796 μὴ
787 4723 924 4793 μετὰ
947 4723 1158 4776 πολλῶν
1185 4723 1334 4793 βιοῦν
1364 4723 1707 4795 πραγμάτων
1737 4725 1828 4778 εὐιο

241 4821 434 4876 κολίαν
465 4821 622 4890 φέρει
651 4821 730 4883 είς
757 4819 860 4888 τὴν
889 4818 1125 4890 τήρησιν
1154 4816 1263 4872 τῶν
1294 4816 1395 4887 τῆς
1424 4818 1824 4890 Χριστιανικῆς

242 4916 529 4980 εὐσεϐείας
561 4915 832 4985 νομίμων.

314 5007 408 5064 οε’.
439 5010 562 5064 Ὅτι
606 5010 703 5064 καὶ
754 5012 867 5072 τοῖς
924 5009 1589 5082 ἐγκοινοπολιτευομένοις
1645 5011 1823 5074 ἔξεστι

243 5105 433 5168 καλῶς
466 5103 617 5176 βιοῦν
639 5107 707 5174 τῇ
733 5105 899 5176 ἀρετῇ
927 5106 1024 5160 καὶ
1051 5107 1164 5168 τοῖς
1187 5104 1290 5176 τῆς
1326 5105 1638 5168 θεοσεϐείας
1668 5104 1825 5174 νομί-

288 5213 395 5258 οις.

245 5216 423 5353 μοόὲ.
462 5288 526 5342 Εί
574 5288 851 5359 γαμητέον
899 5289 1067 5352 ιστὶν,
1109 5289 1141 5361 ἢ
1191 5290 1288 5360 μὴ,
1337 5290 1450 5354 τοῖς
1501 5288 1824 5360 ἐπιμέλειαν

240 5379 431 5451 ἔχουσι
458 5381 552 5433 καὶ
581 5381 844 5452 φροντίδα
867 5380 967 5451 τῆς
992 5375 1114 5434 κατ’
1150 5382 1352 5452 ἀρετὴν
1385 5379 1552 5452 ζωῆς.
1653 5388 1657 5393 ’

308 5561 410 5627 οξ.
443 5562 569 5616 Ὅτι
603 5565 768 5616 παντὶ
793 5564 981 5635 τρόπῳ
1015 5561 1094 5635 τῷ
1125 5560 1388 5635 πολιτικῷ
1434 5565 1819 5636 ἀντιποιητὼν

232 5652 339 5722 τῆς
372 5652 620 5723 εἰρήνης-
876 5734 881 5740 ,

309 5761 412 5814 οη.
441 5744 566 5798 Ὅτι
604 5747 700 5801 καὶ
747 5747 977 5817 ιςρδςιεὸ
1027 5746 1288 5819 πολεμεῖν
1330 5749 1819 5820 παρασκευαστέον

239 5837 316 5910 τῷ
345 5838 626 5911 πολιτικῷ.

2002 4731 2092 4790 74.
2136 4733 2294 4803 Quod
2325 4751 2437 4791 non
2467 4737 2656 4793 multis
2683 4736 3008 4810 impeditum
3037 4741 3224 4802 vivere
3254 4749 3517 4819 negotiis,

1928 4820 2235 4884 faciliorem
2271 4830 2465 4887 reddat
2493 4831 2822 4891 Christiana:
2851 4836 3076 4906 pietatis
3109 4855 3519 4912 praeceptorum

1929 4922 2397 4980 observationem.

2003 5019 2092 5074 75.
2133 5019 2287 5085 Quod
2329 5019 2497 5075 etiam
2538 5022 2936 5093 rempublicam
2972 5029 3293 5097 gerentibus
3328 5045 3386 5086 et
3423 5045 3520 5086 ne-

1926 5111 2072 5181 gotia
2105 5112 2230 5166 vitae
2262 5115 2588 5172 curantibus
2620 5117 2896 5188 integrum
2930 5134 3050 5187 est,
3085 5123 3310 5191 probam
3346 5126 3516 5182 vitam

1926 5202 2132 5258 ducere
2161 5205 2532 5277 virtutemque
2563 5223 2627 5263 ac
2656 5210 2875 5278 pietatis
2904 5213 3088 5269 colere
3118 5230 3411 5286 praecepta.

2000 5296 2085 5351 76.
2127 5298 2285 5361 {Num
2353 5300 2669 5371 coniugium
2711 5302 3015 5358 ineundum
3056 5305 3148 5370 sit,
3194 5323 3409 5375 nec-ne,
3448 5314 3518 5386 iis

1925 5391 2126 5462 quibus
2163 5405 2308 5446 curae
2344 5391 2609 5462 cordique
2647 5404 2733 5449 est
2768 5395 3075 5452 secundum
3110 5397 3335 5455 virtutis
3374 5418 3519 5473 prae-

1925 5486 2193 5554 scriptum
2226 5487 2434 5540 vivere.

1996 5579 2087 5634 77.
2127 5579 2281 5644 Quod
2317 5579 2465 5633 οηξηί
2501 5579 2666 5634 modo
2699 5595 2804 5650 pax
2838 5582 3096 5638 sectanda
3125 5585 3197 5639 sit
3226 5587 3345 5641 viro
3374 5605 3518 5644 rem-

1928 5671 2202 5740 publicam
2235 5673 2466 5742 gerenti.

2002 5761 2087 5813 78.
2131 5759 2286 5826 Quod
2325 5762 2470 5816 idem
2506 5765 2671 5820 etiam
2708 5765 2775 5821 ad
2811 5767 3015 5824 bellum
3052 5770 3358 5830 instructus
3392 5789 3517 5828 esse

1927 5847 2143 5907 debeat.
