4086 6236
415 323 522 390 957
1887 331 2220 394 norma.
3564 318 3671 382 sas

415 454 476 496 ν.
503 435 666 511 not.].
708 438 920 495 Titulus
957 449 1043 497 est
1087 457 1104 495 :
1149 435 1445 512 Σόνταγμα
1492 439 1636 495 κατὰ
1667 436 1932 510 στοιχεῖον
1967 441 2080 493 τῶν
2117 436 2681 510 ὲμπεριειλημμὲνων
2718 431 2946 491 ἀπασῶν
2989 431 3308 488 ὕποθέσεων·
3347 435 3459 497 τοϊς
3506 434 3672 503 ἱεροῖς

418 532 517 585 καὶ
575 530 743 595 θείοις
805 535 1024 598 κανόσι,
1088 535 1326 605 πονηθέν
1379 550 1439 587 τε
1487 533 1607 604 ἅμα
1654 534 1749 588 καὶ
1805 532 2068 585 συντεθὲν
2123 532 2200 603 τῷ
2254 534 2314 585 ὲν
2371 529 2751 602 ίερομονάχοις
2800 526 3073 598 ἐλαχίστῳ
3112 525 3379 596 Ματθαίῳ
3431 525 3509 598 τῷ
3540 526 3675 578 Βλα-

417 623 596 694 στὰρῃ
618 640 632 655 ο
666 622 962 695 Syntagma
993 626 1400 696 alplrabeticum,
1434 643 1535 695 quo
1567 625 1664 680 sub
1705 625 1897 691 titulis,
1927 624 2230 679 litterarum
2254 624 2440 678 ordine
2479 621 2718 693 digestis,
2755 637 2837 676 res
2868 636 3072 687 omnes,
3111 635 3230 690 qua:
3259 620 3313 673 in
3340 619 3507 673 sacris
3545 618 3667 671 diri-

426 717 617 785 nisque
646 717 1502 790 canonibuslcomprelienduntur,
1525 720 1739 773 collatis
1766 719 1930 773 etiam
1963 715 2162 787 legibus
2193 715 2449 781 civilibus,
2471 714 2548 785 (nt
2569 714 2743 769 Alexii
2762 713 3045 778 Comneni,
3065 729 3117 782 p.
3149 712 3253 768 125
3279 713 3379 781 (‘);
3406 710 3676 766 Constan-

419 806 520 861 tini
562 807 1071 881 Porphyrogenetze,
1098 827 1151 881 p.
1183 811 1313 878 232,
1340 811 1485 880 258;
1521 810 1764 875 Novella,
1804 825 1860 880 p.
1888 809 1997 877 98;
2035 820 2090 866 et
2117 819 2262 864 torno
2294 808 2530 873 unionis,
2572 823 2625 876 p.
2659 806 2763 872 (ii;
2798 804 2996 861 Leonis
3033 805 3185 876 Sap.,
3212 821 3284 883 _p.
3330 804 3425 869 54,
3463 803 3553 868 52,
3584 802 3678 866 61,

415 897 512 962 62,
543 898 632 966 64,
664 899 752 968 66,
787 899 877 969 75,
902 898 1040 970 404;
1074 901 1331 972 Heraclii,
1355 904 1535 974 p.98;
1567 902 1830 962 Manuelis
1856 901 2025 959 Comn

2060 902 2143 968 ini,
2167 901 2319 972 p.59,
2346 901 2444 957 101
2471 917 2488 968 ;
2517 899 2841 964 Andronici,
2870 914 2921 970 p.
2955 899 3104 967 258;
3141 899 3335 964 Alexii,
3361 912 3414 966 p.
3445 894 3534 960 76,
3563 894 3673 960 98;

417 990 612 1047 isaacii
646 991 860 1063 Angeii,
893 1009 946 1065 p.
981 993 1086 1063 8i;
1124 1006 1177 1052 et
1202 993 1498 1052 Iustiniani
1537 995 1788 1067 passim),
1814 995 2073 1060 exposita:
2114 1003 2262 1059 sunt,
2288 1009 2343 1065 p.
2383 993 2568 1049 1-272.
2603 992 2662 1047 In
2692 989 3017 1046 Pratfatione
3043 991 3290 1062 pluribus
3314 991 3531 1046 disserit
3559 989 3680 1043 Bia-

419 1094 603 1160 ‘tares
629 1085 696 1141 de
730 1085 950 1156 scriptis
978 1088 1114 1159 ipsis
1139 1098 1194 1145 et
1224 1089 1601 1158 scriptoribus,
1630 1103 1696 1145 ex
1728 1087 1924 1159 quibus
1951 1085 2247 1159 Syntagma
2271 1101 2432 1142 suum
2457 1086 2804 1142 concinnavit
2831 1103 2844 1140 :
2869 1085 2936 1139 de
2959 1085 3259 1138 rationibus
3288 1083 3679 1151 apostolorum,

424 1175 496 1231 de
528 1176 736 1248 synodo
765 1176 1204 1252 Carthaginiensi
1233 1182 1334 1238 sub
1363 1181 1423 1239 S.
1458 1183 1749 1255 Cypriane,
1773 1181 1841 1237 de
1874 1179 2132 1252 Dionysio
2152 1181 2313 1236 Alex.
2345 1178 2499 1248 cuius
2529 1179 2813 1250 epistolam
2855 1177 2920 1233 ad
2957 1175 3226 1232 Novatum
3256 1177 3440 1247 presb.
3480 1174 3681 1231 Roma-

429 1283 562 1323 num
622 1269 818 1336 aﬂ‘ert;
879 1272 948 1327 de
1023 1274 1233 1345 synodo
1270 1275 1635 1343 Antiochena,
1689 1274 1758 1330 de
1817 1274 1964 1330 Petri
2002 1273 2163 1328 Alex.
2202 1273 2541 1340 canonibus;
2614 1271 2682 1327 de
2754 1271 2977 1341 synodis
3021 1270 3332 1341 Ancyram,
3400 1268 3685 1325 Neocaesa-

423 1363 616 1428 riensi,
643 1362 882 1432 Nicaeus,
906 1368 1248 1425 Antiochena
1291 1371 1562 1437 secunda,
1589 1371 1921 1437 Sardicensi,
1959 1369 2293 1437 Laodicena;
2325 1369 2394 1424 de
2429 1370 2729 1425 canonihus
2769 1369 2869 1425 SS.
2910 1369 3220 1433 Athanasii,
3258 1369 3442 1424 Basilii
3478 1369 3680 1439 Magni,

421 1452 671 1526 Gregorii
701 1456 964 1529 Nysseni;
1002 1461 1069 1517 de
1101 1464 1306 1534 synodo
1338 1451 1642 1535 Gangrensi
1680 1474 1732 1519 et
1759 1462 1865 1520 (ΞΡ.
1892 1464 2010 1519 sive
2048 1463 2281 1518 secunda
2318 1463 2690 1529 meumeniea;
2735 1466 2801 1518 de
2846 1463 3149 1518 canonibus
3193 1462 3290 1518 SS.
3325 1461 3593 1517 Timothei
3628 1476 3684 1517 et

423 1548 612 1619 ('yrilli
636 1551 1168 1624 Alexandrinorum;
1200 1557 1272 1612 de
1297 1559 1508 1630 synodo
1535 1557 1800 1628 Ephesina
1833 1558 1953 1613 sive
1981 1557 2318 1612 mcumenica
2349 1556 2526 1622 tertia,
2556 1539 2768 1612 necnon
2800 1555 3262 1627 Carthaginiensi,
3298 1565 3354 1612 et
3381 1554 3682 1610 Chalcedo-

425 1643 583 1697 nensi
613 1643 727 1700 sive
764 1647 1101 1704 cecumenica
1131 1660 1369 1720 quarta;
1417 1652 1482 1705 de
1523 1651 1582 1707 S.
1621 1643 1902 1706 Gennadio
1933 1649 2064 1715 tZP.,
2101 1649 2167 1704 de
2203 1649 2414 1721 synodo
2453 1650 2792 1706 cecumenica
2826 1652 3039 1719 quinta,
3087 1659 3370 1720 sextoque,
3421 1664 3520 1705 nec
3572 1663 3680 1703 non

423 1735 734 1805 quinisexta
770 1738 824 1795 in
859 1738 1083 1808 Trullo;
1115 1743 1182 1797 de
1209 1743 1414 1809 synodo
1444 1742 1675 1813 septima
1711 1743 2050 1799 acumenica
2071 1742 2187 1799 sive
2214 1741 2431 1797 Nicaeus
2455 1743 2694 1798 secunda
2720 1761 2734 1810 ;
2767 1727 2835 1797 de
2867 1743 2925 1797 ὃ.
2956 1743 3182 1798 Tarasio
3216 1741 3348 1807 ΟΡ..
3381 1741 3450 1798 de
3475 1741 3684 1813 synodo

427 1829 844 1897 primosecunda
881 1830 1023 1900 CP.;
1065 1834 1132 1890 de
1188 1835 1400 1907 synodo
1433 1836 1535 1892 sub
1564 1835 1793 1904 Photio;
1822 1846 1880 1891 et
1911 1838 1978 1891 de
1999 1834 2253 1891 civilibus
2293 1834 2504 1905 legibus
2535 1850 2830 1904 eorumque
2858 1836 3068 1905 origine
3097 1844 3151 1890 et
3177 1836 3584 1907 constitutione.
3628 1832 3684 1889 In

426 1933 592 1988 opere
625 1921 743 1992 ipso
785 1924 928 1979 inter
965 1925 1069 1979 alia
1101 1927 1169 1981 de
1197 1927 1468 1984 haereticis
1504 1944 1558 2000 p.
1599 1928 1750 1996 7-17,
1785 1928 2095 1985 disseritur.
2126 1925 2396 1983 Praeterea
2433 1927 2669 1984 citantur
2700 1933 3022 1998 quandoque
3057 1931 3225 1984 etiam
3274 1929 3572 1996 scriptores
3597 1928 3686 1984 alii
3721 1913 3725 1918 ”

433 2023 631 2081 printer
657 2015 770 2079 iam
801 2018 1134 2086 nominatos,
1169 2030 1226 2076 ut
1256 2019 1547 2087 Homerus,
1583 2038 1638 2092 p.
1665 2023 1732 2077 47
1757 2040 1773 2089 ;
1801 2021 2074 2092 Josephus
2095 2030 2150 2076 et
2175 2019 2351 2084 Philo,
2387 2036 2440 2090 p.
2474 2019 2572 2075 20!
2607 2039 2622 2088 ;
2652 2020 2885 2076 Isidorus
2915 2022 3119 2084 Pelus.,
3145 2036 3197 2091 p.
3229 2022 3337 2076 2‘55
3364 2038 3380 2089 ;
3430 2020 3684 2086 Photins,

435 2106 749 2174 patriarcha
773 2119 828 2166 et
859 2108 1180 2169 Theodorus
1205 2113 1441 2181 Studita,
1467 2131 1520 2186 p.
1550 2116 1687 2181 109;
1714 2114 2036 2171 Theodorus
2059 2114 2211 2180 Tiro,
2242 2114 2308 2171 de
2331 2115 2592 2170 miraculo
2614 2114 2911 2180 xandﬁwv,
2945 2131 2998 2185 p.
3022 2113 3160 2181 240;
3194 2113 3454 2180 Zonaras,
3479 2129 3533 2184 p.
3563 2115 3686 2182 Hb,

428 2198 572 2264 254;
599 2199 910 2272 Balsamon,
943 2220 1000 2277 p.
1032 2205 1124 2274 56,
1158 2207 1247 2271 76,
1290 2208 1386 2276 77;
1424 2207 1628 2264 Eccies.
1673 2208 1845 2276 Hist.,
1880 2224 1930 2278 p.
1971 2209 2115 2276 £58;
2153 2207 2598 2278 ClirySOstornus,
2641 2225 2695 2279 p.
2724 2207 2865 2272 252;
2917 2207 2957 2260 ll
3001 2208 3068 2263 ad
3112 2208 3454 2262 Theodorum
3497 2192 3685 2275 Iepist.,

430 2307 487 2362 p.
518 2293 656 2362 195;
687 2293 743 2350 in
769 2295 1104 2366 Matthreum,
1139 2316 1192 2371 p.
1229 2300 1353 2366 £52,
1379 2302 1526 2369 218;
1561 2303 1784 2358 humilia
1813 2303 1904 2363 2i,
1941 2303 2043 2372 Περ

2103 2301 2463 2370 ἀνδριάντων,
2492 2312 2547 2359 et
2568 2303 2609 2358 '6
2644 2302 2849 2358 Contra
2876 2301 3203 2369 Μωυσῆν.
3236 2300 3373 2365 175ς
3407 2299 3451 2354 ιι
3481 2301 3549 2356 de
3599 2313 3690 2354 sa-

427 2386 674 2443 cerdotio
709 2403 764 2459 p.
795 2390 920 2457 179,
951 2389 1005 2446 in
1035 2393 1166 2448 Acta
1198 2411 1251 2465 p.
1279 2395 1371 2462 95,
1400 2398 1453 2449 in
1486 2395 1659 2465 Epist.
1695 2396 1762 2450 ad
1799 2395 2047 2451 Thessal.
2081 2410 2138 2465 ,p.
2187 2396 2310 2462 Hi,
2355 2394 2653 2466 Gregorius
2695 2394 2858 2463 Naz.,
2905 2410 2959 2464 p.
3000 2395 3093 2460 65,
3137 2393 3223 2461 7|,
3267 2393 3406 2459 t06;
3453 2391 3689 2464 Cyrillus

432 2477 591 2534 Alex.
627 2479 680 2535 in
733 2483 953 2551 Isaiam,
995 2499 1051 2554 ρ.
1085 2485 1229 2554 H2;
1259 2487 1622 2555 Paphnutius,
1677 2491 1731 2544 in
1771 2488 2004 2545 concilio

2098 2491 2189 2553 ic.,
2239 2504 2292 2558 p.
2333 2488 2437 2556 60;
2487 2497 2660 2560 poetae
2710 2488 2914 2544 dictum
2964 2487 3184 2555 γυναιξὶ
3231 2486 3436 2555 κόσμον
3481 2487 3517 2557 ἡ
3561 2486 3707 2558 σιγὴ.

434 2569 617 2644 φέροι,
652 2587 708 2644 p.
740 2575 839 2642 85;
862 2576 1146 2635 Cbumnus
1179 2580 1704 2648 Thessalonicensis,
1731 2599 1784 2652 p.
1815 2583 1907 2643 48,
1944 2583 2043 2649 δίς

2073 2581 2154 2638 Jo.
2188 2581 2495 2647 Nesteutes,
2522 2598 2578 2654 p.
2610 2582 2704 2649 35,
2736 2581 2872 2647 ιθι;
2903 2581 3231 2650 patriarcha
3262 2579 3371 2636 ΟΡ.
3404 2579 3603 2644 Lucas,
3633 2591 3686 2648 ρ.

436 2663 532 2732 46,
577 2664 670 2734 99,
702 2667 828 2737 166,
857 2671 993 2737 178ς
1024 2671 1306 2739 Nicolaus,
1355 2691 1407 2744 p.
1451 2677 1545 2742 49,
1569 2675 1708 2743 269;
1741 2675 2042 2731 Chliarenu

2073 2711 2097 2740 ι,
2142 2691 2196 2746 p.
2240 2675 2375 2742 {72;
2410 2674 2520 2730 Leo
2547 2674 2736 2746 Stypa,
2787 2689 2841 2744 p.
2885 2673 2994 2740 50,
3033 2672 3137 2738 5i;
3183 2671 3427 2736 Aternius,
3458 2685 3513 2740 p.
3541 2669 3686 2736 232;

434 2761 787 2834 Athanasius,
808 2780 865 2837 p‘.
892 2767 1036 2836 258;
1072 2768 1323 2838 Michael,
1352 2786 1406 2842 p.
1433 2771 1562 2839 264,
1587 2771 1729 2840 269;
1755 2770 2092 2839 Theodotus,
2118 2788 2171 2843 p.
2202 2771 2290 2828 72.
2309 2771 2428 2828 Non
2457 2772 2574 2829 sine
2604 2771 2765 2827 laude
2792 2771 2981 2837 etiam,
3006 2785 3059 2840 p.
3084 2770 3176 2836 57,
3202 2767 3444 2824 meminit
3468 2766 3693 2838 Symeo-

436 2853 526 2911 nis
555 2854 936 2929 Metaphrssta:
968 2863 1053 2918 his
1097 2865 1278 2920 verbis
1309 2881 1326 2923 :
1357 2866 1531 2920 Πόσου
1561 2866 1744 2920 τοίνυν
1773 2866 1924 2934 ἄξιον
1955 2865 2021 2921 ἂν

2077 2866 2148 2938 εἴη
2179 2865 2537 2938 μακαρισμοῦ
2573 2867 2602 2918 ό
2627 2863 2934 2933 θαυμάσιος
2973 2859 3202 2933 Συμεὼν
3248 2863 3276 2916 ό
3312 2860 3375 2915 τὸ
3407 2857 3690 2915 καλεῖσθαι

431 2951 841 3028 Μιταφραστὴς
876 2957 1246 3031 διαφερόντως
1290 2961 1404 3016 τῶν
1443 2963 1620 3018 ἄλλων
1661 2964 2135 3035 ἀπενεγκάμενος,
2167 2963 2196 3016 ὁ
2231 2965 2297 3035 τῇ
2341 2961 2561 3033 ιπινοίᾳ
2596 2960 2694 3015 τοῦ
2732 2961 2893 3031 ἁγίου
2926 2960 3255 3030 Πνεύματος
3282 2958 3355 3012 τὰ
3382 2956 3493 3010 τῶν
3520 2944 3692 3026 ἀγίὼν

439 3046 742 3121 μαρτύρων
769 3049 913 3124 ὑπὲρ
931 3051 1194 3128 ἀληθείας
1220 3055 1369 3127 σκάμ
1378 3073 1526 3128 ματα
1557 3057 1776 3124 πολλοῖς
1798 3057 1987 3130 ίδρῶσι
2011 3057 2109 3111 καὶ
2135 3056 2324 3119 πόνοις
2347 3053 2830 3128 συγγραψάμενος,
2853 3055 2948 3109 καὶ
2969 3054 3200 3125 δυνάμει
3223 3051 3386 3119 λόγου
3409 3049 3508 3105 καὶ
3527 3049 3694 3123 σοφίᾳ

435 3138 711 3208 καλλύνας
735 3144 818 3209 είς
845 3143 1020 3218 ὕμνον
1045 3145 1141 3201 τοῦ
1171 3148 1382 3224 Κυρίου
1403 3148 1565 3222 ήμῶν
1604 3149 1782 3222 ’1ησοῦ
1812 3149 2076 3222 Χριστοῦ,
2104 3151 2199 3204 καὶ
2223 3147 2388 3217 δόξαν
2416 3148 2830 3214 διαιωνίζουσαν
2852 3130 2968 3201 ’τῶν
2992 3147 3134 3218 ὑπὲρ
3156 3144 3330 3200 αὐτοῦ
3363 3139 3692 3215 ἠγωνισμέ-

441 3249 549 3292 ιων
583 3235 755 3306 ἁγίων
786 3240 1099 3311 μαρτύρων,
1123 3240 1216 3294 καὶ
1248 3242 1359 3296 πᾶν
1386 3242 1646 3308 δυσσεϐὲς
1694 3243 2022 3317 ἀπορράψας
2070 3244 2269 3314 στόμα,
2301 3243 2398 3297 καὶ
2437 3241 2561 3314 μηδ’
2591 3239 2875 3312 ⁴ἡντιναοῦν
2912 3241 3188 3310 πρόφασιν
3223 3234 3553 3310 ἀμφιϐολίας
3580 3233 3695 3297 τοῖς

437 3324 690 3386 εὐσεϐέσι
714 3331 1030 3386 καταλιπών
1054 3348 1070 3365 ·
1104 3333 1334 3400 Quanti:
1362 3335 1527 3406 igitur
1553 3335 1822 3392 beatilatis
1848 3336 2231 3406 praedicatione
2261 3336 2452 3408 dignus
2483 3345 2558 3392 est
2592 3333 2946 3388 admirandus
2974 3334 3066 3389 ille
3099 3330 3349 3403 Symeon,
3382 3331 3476 3402 qui
3515 3325 3694 3383 Meta-

441 3418 681 3488 phrastes
710 3421 820 3478 dici
853 3423 1059 3496 egregie
1099 3443 1211 3495 pra:
1242 3429 1365 3484 aliis
1391 3430 1605 3496 meruit,
1639 3431 1732 3502 qui
1761 3433 1934 3486 sancti
1965 3428 2199 3501 Spiritus
2242 3431 2612 3501 inspiratione,
2642 3441 2948 3485 sanctorum
2995 3439 3295 3499 martyrum
3339 3440 3436 3495 pro
3474 3424 3696 3479 ueritate

435 3513 731 3567 certamina
758 3531 865 3571 non
895 3517 1010 3572 sine
1036 3519 1218 3574 multis
1241 3521 1524 3577 sudoribus
1552 3534 1604 3578 et
1623 3524 1897 3578 laboribus
1925 3523 2257 3596 conscripsit,
2294 3534 2344 3580 et
2381 3540 2617 3590 neruose,
2647 3527 2969 3594 eloquenter,
2998 3523 3364 3592 sapienterque
3394 3515 3694 3580 exornavit,

440 3605 513 3659 ad
552 3606 762 3663 laudem
813 3609 1024 3666 Domini
1068 3615 1412 3670 nostri'Jesu
1453 3615 1675 3685 Christi,
1705 3628 1754 3672 et
1784 3629 2089 3674 sanctorum
2115 3630 2434 3690 martyrum,
2464 3620 2552 3690 qui
2576 3635 2673 3691 pro
2703 3635 2762 3674 eo
2789 3619 3077 3674 certamina
3118 3615 3381 3675 obierunt,
3416 3626 3696 3681 perennem

439 3698 668 3766 gloriam
696 3717 717 3756 :
745 3703 937 3773 quique
961 3722 1111 3761 omne
1139 3723 1197 3762 os
1221 3707 1442 3778 impium
1465 3711 1755 3779 obturavit,
1781 3721 1832 3766 et
1856 3710 1960 3782 piis
1985 3711 2190 3766 nullum
2211 3713 2425 3767 omnino
2442 3710 2718 3767 dubitandi
2747 3719 3062 3781 praetextum
3084 3708 3320 3778 reliquit.
3347 3706 3582 3761 Secutus
3611 3713 3696 3758 est

441 3792 718 3850 Blastares
747 3795 1152 3868 Balsamonem,
1184 3801 1337 3872 cujus
1365 3803 1477 3860 haec
1504 3814 1630 3861 sunt
1654 3805 1722 3859 ad
1753 3820 1874 3861 can.
1913 3805 1985 3861 65
2014 3802 2054 3859 Τ

2080 3805 2288 3862 'ullan.:
2325 3805 2505 3878 Χάρις
2535 3804 2614 3876 τῷ
2643 3803 2926 3876 μακαρίτῃ
2956 3801 3330 3871 Μεταφραπῇ
3348 3797 3427 3869 τῷ
3454 3797 3522 3850 τὰ
3555 3812 3693 3866 μαρ-

437 3884 642 3955 τυρικά
667 3885 810 3960 ὑπὲρ
836 3888 941 3962 τῆς
969 3891 1232 3964 ἀληθείας
1257 3896 1567 3970 σκάμματα
1594 3898 1812 3964 πολλοῖς
1844 3897 2031 3961 πόνοις
2062 3897 2160 3952 καὶ
2194 3898 2384 3970 ἱδρῶσι
2415 3896 2889 3954 κατακαλλύναντι
2919 3897 3002 3956 sic
3032 3894 3202 3967 ὕμνον
3235 3891 3372 3948 Θεοῦ
3410 3891 3507 3945 καὶ
3536 3889 3694 3954 δόξαν

441 3977 812 4130 αίωνὶζοὲσαν
840 3984 950 4037 τῶν
981 3985 1178 4056 ἁγίων.
1203 3987 1467 4048 Addenda
1486 3993 1602 4051 haec
1624 3993 1749 4049 aliis
1764 3991 1998 4049 aliorum
2028 3992 2096 4049 de
2120 3988 2490 4064 Metaphraste
2510 3991 2863 4056 testimoniis,
2888 3987 3010 4060 quia
3032 3989 3189 4045 attuli
3220 3985 3330 4044 vol.
3353 3983 3491 4054 Vill,
3513 3998 3567 4057 p.
3592 3983 3691 4048 29;

441 4078 500 4126 et
528 4086 595 4128 vo
621 4115 636 4130 .
726 4115 743 4136 .
769 4093 824 4136 ιι.
860 4079 966 4136 180
998 4097 1118 4136 sea.

441 4086 500 4126 et
528 4086 636 4130 vat.
675 4086 743 4144 δ,
769 4093 824 4148 p.
860 4086 966 4136 180
998 4097 1118 4154 seq.

503 4278 570 4353 Γ)
593 4284 805 4346 reginas,
833 4280 1062 4350 intelligo
1092 4283 1329 4337 editionis
1352 4283 1613 4351 Beveregii
1638 4300 1760 4350 quas
1793 4284 2013 4338 numeris
2040 4283 2387 4352 grandioribus
2409 4284 2461 4334 in
2486 4290 2630 4338 testu
2649 4285 2826 4337 Latino
2847 4281 3205 4346 expressimus.
