4086 6236
484 319 594 387 963

1620 386 1621 389 γ
1668 311 2037 375 mnam
2078 306 2498 377 BLASTARIS

3612 318 3724 388 εει

483 432 702 488 caelitus
753 428 982 487 demissa
1018 430 1256 487 Ecclesia
1307 430 1586 500 hucusque
1622 426 1782 480 etiam
1844 435 2066 479 venera-

2170 424 2376 495 άνδρῶν
2423 426 2577 495 ἔνιοι,
2623 423 2700 485 ὧν
2738 430 2764 484 ό
2811 427 3017 501 μεταξὺ
3052 429 3245 503 χρόνος
3288 429 3353 483 ἐδ
3392 428 3587 501 περιὸν
3616 430 3729 486 οὐκ

488 533 591 587 tur,
619 534 669 578 et
702 539 805 578 non
841 524 1039 578 minori
1091 539 1250 593 quant
1298 522 1479 577 divina
1532 518 1821 589 Evangelia
1855 516 2061 571 honore

486 618 860 688 prosequitur,
913 618 1111 686 quippe
1140 617 1282 686 quod
1326 616 1441 669 [nec
1470 612 1633 667 etiam
1665 624 1852 666 eorum
1884 606 2061 661 fontes

2122 590 2127 595 θ
2163 517 2355 587 ἴσχυσε
2383 518 2593 590 κρύψαι
2626 522 2729 592 τῆς
2758 521 2985 592 ἀρετῆς,
3009 524 3068 575 εν
3091 521 3561 594 ἑπιστολαῖςμίδίᾳ
3585 524 3733 577 κατά

2163 608 2358 663 πεῦσιν
2389 611 2487 665 καὶ
2530 612 2826 683 ἀπόκρισιν
2857 612 3252 681 συντεθείσαις,
3287 596 3535 676 εὐσεϐῶς
3576 614 3738 685 cipit-

486 721 672 761 revera
716 723 782 763 sc
838 707 1047 763 radices
1079 704 1315 760 fuerunt.
1349 703 1489 769 Quin
1516 702 1675 757 etiam
1729 709 2063 770 qua-cunque

2170 720 2317 769 κασι,
2341 703 2567 768 κανόνος
2594 704 2828 776 φεροντα
2853 705 3046 769 τύπον,
3069 705 3143 768 ὡς
3167 705 3395 768 κανόνας
3418 706 3453 777 η
3498 703 3737 776 Ἐκκλη-

486 817 763 856 sacrorum
798 801 1043 857 nonnulli
1076 800 1378 865 hominum,
1409 812 1635 867 quorum
1670 795 1886 851 virtutis
1930 805 2065 862 prat-

489 895 749 947 stautiam
783 902 998 963 tempus
1028 890 1407 947 intermedium
1435 888 1708 944 occultam
1730 900 1834 939 non
1867 882 2061 954 potuit,

486 982 543 1037 in
586 984 826 1053 epistolis
859 985 927 1039 ad
973 982 1287 1053 quaestionis
1335 994 1388 1036 et
1438 977 1801 1048 responsionis
1849 976 2061 1028 modum

489 1077 808 1147 compositis
838 1076 926 1147 pie
945 1074 1369 1145 pronuntiarunt
1398 1072 1620 1127 canonis
1653 1083 1762 1137 pra
1791 1080 1855 1121 ee
1886 1066 2067 1121 feren-

493 1167 566 1222 tia
604 1178 787 1240 typum
815 1209 831 1233 ,
863 1178 1119 1236 tanquam
1181 1179 1419 1221 canones
1446 1160 1685 1217 Ecclesia
1728 1158 1978 1222 admisit,
2010 1164 2067 1210 et

492 1263 767 1331 praedictis
821 1262 1152 1333 synndorum
1189 1256 1485 1313 eanonibus
1536 1252 1727 1308 merito
1753 1247 2062 1305 connexuit.

493 1354 639 1409 Belle
707 1355 910 1408 etenim
970 1352 1200 1423 magnis,
1275 1349 1470 1406 Basilio
1509 1344 1957 1417 praestantissimo
2010 1351 2065 1398 et

435 1491 438 1494 .
494 1446 756 1515 Gregorio
789 1444 1058 1515 Theologo
1080 1442 1332 1513 placitum
1380 1450 1481 1508 est,
1520 1453 1614 1496 eos
1664 1434 2066 1492 ecclesiasticos

494 1539 754 1594 dicendos
803 1552 925 1593 esse
961 1547 1122 1608 atque
1175 1536 1475 1590 censendos
1504 1545 1756 1589 canones.
1790 1542 1894 1583 non
1926 1542 2066 1597 quos

493 1646 594 1689 suo
625 1631 894 1704 quispiam
933 1630 1188 1695 arbitrio;
1204 1628 1297 1683 sed
1329 1642 1466 1698 quos
1524 1625 1708 1697 plures
1736 1622 1908 1680 sancti
1967 1620 2068 1675 Pa-

501 1735 613 1782 tres
650 1725 838 1780 eodem
882 1724 936 1778 in
978 1724 1095 1779 loco
1127 1720 1438 1793 congregati
1471 1717 1742 1774 communi
1794 1714 2062 1771 sententia

493 1828 547 1871 et
586 1815 819 1871 sollicita
859 1829 1039 1870 rerum
1085 1813 1461 1883 disquisitione
1514 1809 1935 1865 constituerunt.
1961 1806 2067 1862 Ve-

497 1918 801 1963 rumtamen
843 1907 1040 1962 idcirco
1066 1906 1209 1976 quod
1240 1906 1329 1975 qui
1376 1905 1490 1961 haec
1538 1904 1891 1974 scripserunt,
1944 1907 2064 1955 tan-

494 2016 654 2071 quam
691 2000 866 2055 sidera
907 2012 1118 2069 semper
1158 1996 1497 2061 eﬂ‘ulserunt,
1550 2003 1604 2053 et
1636 1994 1883 2066 plurimis
1932 2005 2064 2047 con-

495 2094 631 2149 stitit
684 2091 1008 2147 testimoniis
1072 2092 1187 2146 ltac
1243 2091 1361 2145 sine
1406 2088 1656 2144 diviniori
1718 2087 2067 2157 inspiratione

500 2174 916 2253 haudquaquam
941 2181 1232 2235 constituta
1273 2193 1418 2242 esse,
1446 2178 1777 2247 synodorum
1828 2173 2064 2230 decretis

500 2275 667 2330 nihilo
692 2275 1060 2337 dissentanea,
1087 2273 1181 2328 sed
1209 2272 1464 2341 subjecta:
1488 2269 1731 2326 materia:
1753 2267 2062 2322 smnitstem

498 2367 685 2438 procul
704 2368 1061 2429 ostendentia,
1098 2366 1211 2420 have
1240 2365 1404 2420 etiam
1437 2376 1622 2419 sacros
1658 2361 1799 2416 inter
1829 2374 2065 2415 canones

504 2471 879 2515 recensentur.
922 2456 1084 2511 Hisce
1121 2456 1287 2528 igitur
1317 2469 1529 2524 semper
1559 2452 1871 2509 incumbere
1894 2449 2065 2520 pieta-

500 2552 572 2606 tis
616 2551 865 2606 alumnos
897 2551 1070 2614 decet,
1106 2560 1159 2603 et
1193 2547 1511 2616 irrequietos
1556 2543 1750 2598 animae
1800 2549 1977 2597 motus
2002 2538 2068 2594 iis

500 2644 730 2713 illigare,
780 2652 837 2698 et
890 2655 989 2697 nee
1039 2640 1324 2695 minimum
1370 2637 1421 2692 ei
1474 2634 1733 2705 temporis
1779 2630 2065 2688 articulum

502 2732 804 2790 concedere
859 2745 967 2801 quo
1011 2729 1261 2800 genuinis
1306 2727 1645 2799 dogmatibus
1695 2722 1968 2781 derelictis
1998 2723 2066 2777 ad

502 2824 807 2880 adulterina
847 2822 1134 2877 delabatur
1163 2837 1182 2878 :
1210 2820 1286 2874 ita
1317 2824 1459 2875 enim
1490 2816 1671 2873 verbis
1707 2815 2070 2887 operibusque

500 2918 655 2973 bonis
688 2918 758 2971 ita
791 2924 1051 2987 perpetuo
1082 2922 1355 2984 occupata:
1377 2927 1444 2966 ex
1483 2910 1613 2981 ipsis
1643 2912 1803 2964 etiam
1830 2909 2072 2964 somnio-

502 3025 618 3063 tum
668 3009 964 3064 visionibus
1020 3006 1229 3063 divinas
1275 3004 1472 3060 habere
1513 3002 1919 3072 imaginationes
1972 2999 2072 3055 ob-

504 3101 700 3156 teniet.
734 3098 838 3155 Per
872 3099 1034 3154 hosce
1065 3100 1233 3162 enim,
1274 3105 1533 3167 quantum
1556 3098 1623 3151 ad
1662 3096 1913 3165 dogmata
1940 3096 2069 3149 atti-
2091 3130 2138 3197 α

503 3204 619 3258 net,
684 3206 887 3249 rectum
953 3191 1021 3245 ab
1053 3191 1291 3259 obliquo,
1354 3200 1407 3244 et
1450 3190 1740 3257 genuinum
1814 3202 1845 3242 s
1900 3187 2071 3242 notho

501 3282 812 3339 accuratius
854 3298 1014 3351 quam
1046 3296 1141 3353 per
1170 3280 1399 3351 Lydium
1433 3274 1805 3350 quemcunque
1838 3277 2071 3347 lapidem

500 3377 846 3447 dijudicatur.
877 3376 944 3433 lii
970 3376 1202 3431 dominis
1254 3375 1399 3444 leges
1434 3372 1611 3428 lerunt
1638 3382 1692 3427 et
1719 3373 1926 3439 servis;
1957 3386 2074 3425 ma-

502 3471 821 3539 gistratibus
856 3478 912 3522 et
944 3467 1219 3536 subjectis;
1264 3465 1576 3535 parentibus
1607 3476 1661 3519 et
1689 3465 1904 3530 liberis;
1940 3464 2074 3521 viris

502 3572 557 3617 et
579 3560 927 3625 mulieribus;
958 3559 1307 3613 matrimonio
1337 3568 1391 3611 et
1414 3557 1705 3623 ctelihatui;
1730 3558 2073 3614 abstinentiae

502 3664 557 3707 et
588 3651 775 3719 victui;
835 3650 1116 3719 sapientiae
1169 3657 1226 3701 et
1283 3646 1621 3717 ignorantiae.
1674 3646 1941 3704 Praeterea
2014 3647 2068 3703 hi

501 3744 667 3799 ctiam
745 3744 1107 3819 imperatores
1175 3742 1415 3794 omnium
1496 3740 1731 3795 maxime
1808 3741 2074 3797 honorare

497 3835 776 3908 jubentes,
814 3834 932 3906 plus
966 3846 1152 3886 rursus
1176 3845 1336 3900 quam
1371 3846 1466 3899 par
1492 3839 1597 3895 est,
1646 3832 2073 3901 imprudentibus

501 3942 693 3982 eorum
728 3923 997 3979 mandatis
1030 3939 1089 3977 se
1122 3908 1437 3977 submittere
1474 3932 1661 3975 natura
1710 3936 1817 3976 non
1857 3937 2075 3992 compa-

506 4029 715 4085 rantur,
769 4014 939 4069 multo
993 4025 1167 4067 amem
1225 4013 1400 4067 minus
1425 4010 1735 4066 inferiorum
1783 4012 2072 4081 magistra-

505 4122 687 4175 tuum,
760 4108 843 4162 vel
919 4104 1243 4159 exercitibus
1303 4102 1701 4173 pra-rectorum.
1780 4102 2072 4158 Plurimum

502 4201 646 4259 enim
672 4215 858 4255 eorum
894 4200 1129 4252 studium
1161 4196 1301 4251 circa
1352 4198 1554 4265 regium
1601 4195 1852 4251 Ecclesiae
1892 4213 2071 4252 sacer-

503 4293 709 4349 dotium
766 4300 1014 4345 versatur
1049 4305 1062 4342 :
1097 4298 1153 4341 ut
1202 4304 1308 4343 non
1368 4288 1566 4359 indigni
1618 4288 1728 4343 Deo
1786 4290 2074 4359 appropin-

504 4394 707 4455 quante
732 4382 1017 4438 videantur
1061 4382 1153 4449 qui
1188 4378 1233 4433 ei
1263 4382 1696 4451 appropinquare
1723 4381 1897 4436 sortiti
1926 4390 2071 4448 sunt,

2164 796 2255 851 σία
2284 796 2526 864 ἐδέξατο,
2568 799 2667 853 καὶ
2704 801 2821 863 τοῖς
2874 798 3209 871 προλαϐοῦσι
3248 798 3359 853 τῶν
3399 798 3639 852 συνόδων
3671 790 3736 852 εὖ

2167 892 2313 962 μάλα
2336 894 2701 965 συνήρμοσενι
2732 893 2797 947 Ei
2838 892 2949 963 γάρ
2989 894 3085 948 καὶ
3120 894 3235 955 τοῖς
3276 889 3540 963 μεγάλοις
3565 891 3743 946 Baet-

2164 981 2295 1053 λείῳ
2335 983 2413 1053 τῷ
2458 982 2600 1037 πάνυ
2622 1022 2639 1047 ,
2698 985 2795 1037 καὶ
2848 983 3137 1055 Γρηγορίῳ
3176 982 3257 1054 τῷ
3287 982 3541 1054 Θεολόγφ
3584 981 3745 1037 δοκεῖ

2166 1080 2363 1148 χρῆναι
2392 1078 2622 1139 κανόνας
2660 1077 3154 1145 ἐκκλησιαστικοὺς
3189 1073 3435 1140 ικείνους
3458 1074 3646 1145 λέγειν
3673 1090 3742 1128 τε

2164 1168 2262 1221 καὶ⁸
2290 1168 2555 1238 νομίζειν,
2585 1165 2681 1229 οὓς
2709 1165 2768 1219 ού
2802 1165 2925 1220 καθ’
2961 1166 3157 1220 ιαυτόν
3194 1180 3300 1227 τις,
3334 1164 3475 1219 ἀλλά
3509 1163 3744 1228 πλείους

2166 1259 2315 1327 ἅγιοι
2346 1259 2592 1331 Πατέρες
2618 1258 2697 1321 είς
2722 1258 2886 1312 ταυτδ
2909 1258 3203 1321 συνιόντες,
3232 1259 3388 1328 κοινῇ
3414 1255 3611 1329 γνώμῃ
3636 1257 3746 1312 καὶ

2169 1351 2633 1423 μεμεριμνημένῃ
2663 1350 2887 1422 βασάνῳ
2922 1348 3255 1415 διετάξαντο,
3275 1348 3411 1404 ἀλλά
3435 1362 3502 1418 γε
3535 1348 3617 1420 τῷ
3642 1346 3742 1405 διὰ

2167 1446 2387 1499 πάντων
2413 1442 2711 1514 ἐκλάμψαι,
2735 1442 2832 1497 καὶ
2854 1440 2980 1505 τοῦς
3000 1440 3176 1496 ταῦτα
3198 1439 3521 1513 γράψαντας
3543 1438 3745 1511 ὥσπερ

2166 1536 2425 1607 ἀστέρας.
2461 1538 2554 1590 καὶ
2588 1535 2668 1607 τῷ
2698 1534 2915 1600 πολλοῖς
2948 1534 3274 1607 μαρτυρίοις
3298 1532 3743 1603 ἑπιγνωσθῆναι,

2171 1629 2246 1699 μὴ
2272 1628 2563 1703 θειοτέρας
2590 1626 2761 1700 χωρὶς
2791 1625 3084 1695 έπιπνοίας
3111 1622 3289 1682 ταῦτα
3319 1624 3740 1696 συντεταχέναι,

2167 1722 2373 1793 ἥκιστα
2401 1721 2524 1784 ταῖς
2543 1717 2654 1774 τῶν
2691 1718 2931 1781 συνόδων
2958 1718 3258 1791 ζητήσεσιν
3287 1718 3740 1791 ἀπεμφαίνοντα,

2169 1813 2306 1867 ἀλλὰ
2332 1810 2394 1866 τδ
2416 1811 2686 1881 συγγενὲς
2710 1804 2813 1884 τῆς
2837 1813 3212 1883 προκειμένης
3246 1811 3533 1886 πόρρωθεν
3553 1811 3749 1882 ippo-

2171 1903 2386 1969 νίζοντα
2418 1902 2828 1975 πραγματείας,
2860 1905 2976 1968 τοῖς
3003 1904 3169 1976 ίεροτς
3209 1904 3599 1973 ἀνεγράφησαν
3640 1903 3744 1958 καὶ

2168 1996 2240 2049 τά
2259 1994 2467 2049 τούτων
2492 1994 2704 2049 κανόσι.
2737 1992 2962 2058 Τούτοις
2982 1994 3165 2048 τοίνυν
3190 1993 3461 2065 προσήκει
3479 1994 3605 2056 τοὺς
3636 1992 3745 2064 τῆς

2170 2086 2460 2150 εὐσεϐείας
2483 2086 2787 2158 τροφίμους
2828 2086 3093 2140 ἑκάστοτε
3130 2084 3510 2157 προσανέχειν,
3546 2085 3646 2140 καὶ
3670 2082 3739 2140 es

2168 2183 2268 2249 τῆς
2293 2179 2475 2249 ψυχῆς
2503 2178 2813 2247 ἀεικίνητον
2852 2177 3237 2246 προσδεσμεϊν,
3279 2175 3378 2230 καὶ
3418 2175 3495 2246 μὴ
3527 2174 3741 2229 διδόναι

2170 2271 2363 2341 καιρὸν
2405 2271 2543 2340 αὐτῇ
2586 2269 2699 2325 τῶν
2725 2266 2965 2337 γνησίων
2994 2265 3246 2338 ἀφεμένη
3281 2265 3571 2336 δογμάτων
3596 2265 3743 2338 πρὸς

2169 2365 2243 2418 τά
2273 2361 2403 2417 νόθα
2433 2360 2898 2417 κατολισθαίνεινο
2945 2357 3091 2414 οὕτω
3119 2359 3229 2429 γάρ
3258 2358 3396 2430 αὐτῇ
3422 2344 3606 2427 λόγοις
3639 2357 3741 2411 καὶ

2171 2455 2499 2525 πράγμασιν
2524 2452 2750 2520 ἀγαθοῖς
2782 2450 3217 2527 ένδιατριϐούσῃ,
3245 2453 3341 2506 καὶ
3361 2453 3459 2516 τὰς
3478 2454 3539 2521 ἑξ
3559 2450 3742 2521 δψεως

2171 2548 2399 2616 ὀνείρων
2430 2544 2737 2616 φαντασίας
2777 2544 2998 2608 ινθέους
3043 2544 3191 2615 ἔχειν
3222 2543 3488 2615 ὑπάρξει·
3522 2543 3744 2607 τούτοις

2172 2640 2283 2711 γὰρ
2312 2638 2374 2694 τδ
2402 2637 2535 2711 περὶ
2561 2637 2632 2693 τά
2654 2636 2904 2707 δόγματα
2936 2637 3095 2702 stes;
3124 2636 3221 2692 τοῦ
3252 2636 3489 2701 σκολιοῦ,
3538 2636 3636 2693 καὶ
3673 2636 3741 2689 τὸ

2175 2733 2399 2803 γνήσιον
2424 2729 2523 2784 τοῦ
2553 2729 2732 2793 νόθου,
2757 2729 2939 2799 πάσης
2962 2728 3114 2783 λίθου
3134 2728 3324 2794 Γυδίας
3344 2728 3743 2799 ἀκριϐέστερον

2173 2824 2509 2895 διακρίνεται
2530 2837 2545 2854 ⁶
2574 2812 2721 2875 οὗτοι
2751 2820 3044 2886 δεσπόταις
3080 2820 3436 2892 νομοθετοῦσι
3482 2821 3581 2877 καὶ
3617 2821 3744 2877 δούο

2175 2920 2311 2983 λοις,
2344 2916 2573 2989 άρχουσι
2614 2915 2709 2970 καὶ
2743 2916 3092 2988 ἀρχομένοις,
3125 2915 3343 2985 γονεῦσι
3374 2916 3470 2970 καὶ
3501 2916 3740 2984 τέκνοις,

2174 3010 2404 3081 ἀνδράσι
2435 3011 2532 3063 καὶ
2557 3008 2795 3077 γυναιξὶ,
2837 3007 3002 3078 γάμῳ
3026 3007 3124 3062 καὶ
3164 3008 3405 3078 ἀγαμίᾳ,
3437 3005 3745 3079 ἐγκρατείᾳ

2176 3106 2271 3159 καὶ
2291 3104 2498 3174 τρυφῇ,
2529 3100 2696 3172 σοφίᾳ
2725 3101 2822 3155 καὶ
2846 3100 3090 3173 ἀμαθίᾳ·
3122 3099 3287 3156 ταῦτ’
3314 3101 3426 3172 ἀρα
3456 3100 3552 3155 καὶ
3583 3100 3744 3172 βασι-

2171 3195 2301 3258 λέας
2326 3193 2533 3256 παντὸς
2565 3191 2767 3263 μᾶλλον
2808 3191 2977 3263 τιμᾷν
3004 3189 3405 3256 ἐπιτάττοντες,
3439 3189 3605 3246 πλέον
3639 3184 3745 3246 αὖ-

2174 3287 2261 3351 θις
2312 3286 2346 3359 ἦ
2397 3285 2543 3357 χρὴ,
2582 3285 2704 3348 ταῖς
2750 3284 3063 3351 ἀλογίστοις
3112 3284 3320 3341 τούτοιν
3366 3286 3467 3339 οὐκ
3518 3282 3744 3354 ιφιάσιν

2173 3376 2509 3432 ὑποπίπτειν
2556 3375 2873 3443 ἱπιταγαῖς,
2919 3374 3118 3430 πολλοῦ
3157 3392 3221 3445 γε
3266 3376 3351 3430 δεῖ
3390 3373 3658 3447 ὑπάρχων
3704 3372 3742 3447 ἢ

2174 3468 2522 3540 στρατηγῶν.
2550 3466 2689 3533 Ἰιγε
2723 3466 2832 3535 μὴν
2870 3466 3075 3522 πλείων
3114 3465 3327 3532 τούτοις
3356 3467 3565 3539 σπουδὴ
3608 3470 3745 3537 περὶ

2172 3563 2237 3615 τὸ
2292 3559 2563 3630 βασίλειον
2607 3557 2709 3627 τῆς
2782 3557 3114 3629 Ἐκκλησίας
3186 3560 3527 3629 καθέστηκεν
3591 3558 3748 3629 ἱεράκ-

2173 3669 2371 3719 τευμα.
2427 3651 2573 3712 ὅπως
2632 3649 2706 3719 μὴ
2760 3647 2972 3713 ἀνάξιοι
3016 3649 3113 3705 τοῦ
3158 3650 3470 3720 ἐγγίζοντος
3521 3648 3746 3719 όφθεῐιν

2172 3743 2308 3797 Θεοῦ
2335 3744 2383 3797 οἱ
2416 3742 2658 3811 ἐγγίζειν
2688 3742 2949 3812 λαχόντες
2976 3743 3148 3815 αὐτῷ,
3179 3743 3258 3809 τῷ
3287 3744 3365 3815 μὴ
3392 3744 3539 3798 κατὰ
3578 3742 3743 3814 θέληο

2176 3855 2261 3891 σιν
2291 3836 2502 3891 ἐκείνου
2528 3835 2741 3905 βιῶναι,
2776 3834 2894 3887 ἀλλ’
2936 3837 3015 3896 είς
3052 3834 3199 3888 τοῦθ’
3234 3836 3473 3906 ἥκοντας
3509 3838 3735 3906 ἀρετῆς.

2172 3928 2249 3990 ὡς
2298 3927 2421 3989 ταῖς
2473 3928 2605 3997 περὶ
2658 3925 2794 3979 Θεὸν
2848 3928 3169 3994 άγγελικαίς
3200 3928 3487 3999 δυνάμεσι,
3536 3929 3601 3982 τὸ
3636 3931 3740 3995 τῆς

2170 4019 2351 4090 ψυχῆς
2380 4022 2445 4073 ὲκ
2491 4018 2602 4071 τῶν
2646 4017 2881 4070 ἐνόντων
2928 4017 3223 4086 ἀφομοιοῦν
3255 4019 3499 4089 εύγενὶς,
3537 4020 3631 4075 καὶ
3666 4023 3737 4074 τά

2170 4112 2376 4165 τούτων
2409 4110 2547 4179 μετὰ
2579 4109 2679 4177 τῆς
2716 4108 2849 4180 ῦλης
2885 4110 3188 4175 δεικνύναι,
3244 4112 3321 4182 μὴ
3354 4111 3418 4165 τὸ
3462 4114 3531 4183 τῇ
3574 4110 3733 4178 φύσει

2173 4202 2559 4273 περικείμενον
2585 4202 2749 4271 ἄχθος
2790 4203 3223 4271 προϊστάμενον
3264 4203 3490 4267 τούτους
3533 4207 3635 4259 οὐκ
3668 4206 3733 4259 ἄν

2169 4311 2259 4358 τις
2312 4293 2551 4364 ἁμάρτοι
2592 4294 2772 4348 κοινδν
2819 4293 3131 4365 προσειπὼν
3188 4295 3448 4366 ίατρεῖον,
3481 4297 3731 4361 ἑκάστοις

2171 4388 2285 4441 τῶν
2305 4386 2606 4441 νοσούντων
2629 4387 2935 4458 κατάλληλα
2961 4387 3331 4458 κεραννύντας
3354 4390 3424 4444 τὰ
3446 4390 3733 4463 φάρμακα.

502 4491 567 4531 eo
594 4475 741 4543 quod
795 4472 1077 4541 uonjuxtu
1126 4471 1296 4542 ipsius
1331 4470 1655 4526 voluntatem
1712 4474 1878 4527 vitam
1908 4487 2061 4527 suam

2170 4479 2245 4532 υύ
2281 4479 2387 4549 μὴν
2413 4478 2550 4533 ἀλλὰ
2586 4482 2681 4531 καὶ
2718 4479 2829 4532 τῶν
2864 4480 3090 4550 νωθρῶς
3131 4482 3262 4551 περὶ
3298 4480 3396 4553 τὴν
3436 4482 3733 4553 θεραπείαν

503 4569 811 4627 instituant,
872 4567 964 4620 sed
992 4580 1056 4619 eo
1089 4565 1304 4618 virtutis
1336 4566 1671 4633 perveniant,
1702 4576 1759 4618 ut
1811 4567 2068 4635 angelicis

2170 4572 2528 4642 διακειμένων
2556 4572 2685 4633 τοὺς
2718 4571 2840 4641 μὲν,
2872 4573 3281 4643 ἀνατεινόμενοι
3320 4576 3388 4629 τὰ
3430 4575 3735 4641 δεινότατα,

502 4675 623 4731 qua:
672 4658 839 4713 Deum
912 4657 1267 4712 circumstant
1324 4658 1675 4723 petcstatibus
1745 4659 2060 4713 nobiliorem

504 4753 695 4805 anima:
723 4761 949 4818 partem,
986 4760 1243 4817 quantum
1278 4750 1393 4807 ﬁeri
1427 4759 1621 4818 potest,
1674 4751 1905 4805 similem
1942 4754 2066 4806 rcd-

503 4845 655 4905 dant,
684 4855 881 4907 easque
912 4842 963 4893 in
1005 4842 1227 4894 materia
1276 4849 1681 4908 reprzesentcnt.
1729 4843 1912 4895 ﬂorent
1968 4859 2065 4897 na-

506 4945 623 4990 tura
671 4933 1115 5001 cireumpositum
1176 4946 1512 5001 nequaquam
1554 4933 1921 5001 praeferentes.
1961 4932 2068 4989 llos

505 5028 551 5081 si
584 5028 701 5095 quis
752 5038 1039 5080 commune
1088 5024 1434 5093 appellaverit
1468 5027 1979 5096 pharmacopolium,
2038 5044 2071 5082 a

507 5134 635 5173 vero
664 5134 768 5172 non
798 5120 1096 5177 aberraret,
1130 5127 1186 5169 ut
1213 5118 1301 5185 qui
1340 5117 1566 5185 singulis
1589 5120 1804 5187 aagrotis
1832 5134 2070 5187 congrua

506 5212 861 5265 commiscent
896 5210 1205 5278 pharmaca.
1252 5208 1389 5272 Quin
1420 5210 1579 5263 etiam
1615 5225 1679 5263 ex
1734 5211 1800 5263 iis
1836 5211 1929 5281 qui
1964 5219 2073 5264 tar-

508 5305 686 5357 diores
736 5304 785 5355 in
836 5302 1113 5355 curatione
1170 5302 1497 5355 admittenda
1553 5317 1611 5355 se
1672 5313 1885 5372 gerunt,
1938 5320 2074 5358 non-

513 5397 671 5451 nullis
706 5396 924 5464 quidem
953 5396 1210 5449 Ierribilia
1279 5394 1596 5449 intentando
1636 5396 1895 5462 excitant,
1954 5398 2074 5451 aliis

509 5498 685 5543 autem
720 5488 1023 5542 futurorum
1049 5491 1307 5557 promissa
1335 5490 1386 5542 in
1417 5489 1732 5544 memoriam
1760 5500 2073 5545 revocantes

508 5597 611 5636 non
638 5581 918 5635 tliﬂiculler
944 5582 1203 5635 alliciunt.
1240 5581 1628 5651 Nonnunquam
1657 5592 1835 5638 autem
1861 5598 1953 5639 eos
1978 5586 2071 5654 qui

508 5689 609 5728 nec
671 5673 1057 5728 medicamenta
1100 5673 1411 5738 admittunt,
1445 5689 1543 5729 nec
1577 5676 1827 5729 mandata
1862 5691 2070 5740 eorum,

506 5764 600 5822 sed
632 5766 848 5823 sibimet
900 5766 1225 5835 paenitentia:
1281 5777 1489 5835 portum
1532 5782 1627 5835 per
1676 5770 2071 5823 contumaciam

2170 4663 2521 4734 διεγείρουσι,
2547 4665 2658 4725 τοῖς
2688 4662 2766 4725 δὲ,
2803 4665 2903 4727 τὰς
2933 4665 3044 4719 τῶν
3070 4666 3378 4735 μελλόντων
3400 4671 3737 4740 ἐπαγγελίας

2173 4754 2593 4825 προμνώμενοι,
2642 4755 2702 4806 ού
2760 4756 3015 4824 χαλεπῶς
3064 4759 3474 4827 προσάγονταιο
3522 4761 3641 4816 lcet
3683 4763 3738 4815 δὲ

2171 4844 2263 4906 οὒς
2308 4845 2386 4913 μὴ
2423 4848 2816 4915 προσιεμένους
2863 4849 2999 4915 μήτε
3046 4848 3115 4901 τὰ
3152 4846 3440 4919 φάρμακα,
3491 4855 3630 4923 μήτε
3674 4853 3741 4908 τὰ

2170 4936 2526 5004 ἐπιτάγματα
2557 4937 2782 4999 τούτων,
2821 4938 2935 4991 ἀλλ’
2964 4941 3181 5005 ἑαυτοῖς
3210 4942 3302 4995 τὸν
3327 4942 3426 5013 τῆς
3450 4947 3743 5015 μετανοίας

2172 5026 2369 5097 λιμένα
2390 5031 2455 5098 τῇ
2482 5030 2742 5100 ἀπειθείᾳ
2770 5034 3217 5101 προσχώσαντας,
3246 5038 3452 5099 παντὸς
3475 5036 3740 5108 βασιλέως

2173 5119 2641 5189 αὑθεντικώτερον
2678 5122 2954 5190 μετιόντες
2996 5126 3099 5193 τῆς
3144 5124 3364 5179 αίωνίου
3411 5126 3741 5200 κληρουχίας

2175 5211 2619 5283 ὑπερορίζουσιν.
2653 5214 2845 5265 Ἔνθεν
2888 5210 3002 5280 τοι,
3051 5218 3145 5270 καὶ
3185 5219 3247 5271 τὸ
3292 5220 3459 5275 πάλαι
3494 5226 3602 5280 τινὶ
3632 5224 3741 5279 τῶν

2173 5304 2410 5373 θύραθεν
2443 5304 2757 5377 εἰρημένον,
2792 5303 2909 5369 τοῖς
2943 5306 3109 5373 θείοις
3133 5310 3233 5381 οὐχ
3257 5311 3460 5381 ἥκιστα
3493 5315 3734 5386 θεσμοῖς,

2177 5396 2253 5458 ὦς
2300 5398 2364 5464 γέ
2420 5414 2510 5467 μοι
2540 5398 2708 5463 δοκεῖ,
2768 5399 3062 5469 ἀρμόσειεν
3090 5397 3194 5455 άν·
3230 5402 3579 5474 πεπείσμεθα
3635 5410 3739 5478 γάρ

2178 5487 2423 5555 τούτους,
2462 5489 2681 5558 εῦρημα
2714 5489 2809 5559 μὲν
2858 5490 2954 5542 καὶ
2983 5490 3156 5561 δῶρον
3200 5488 3342 5547 εἶναι
3376 5494 3534 5563 Θεοῦ,
3565 5497 3741 5567 δόγμα

2176 5581 2233 5635 δὲ
2264 5583 2529 5650 γενναίων
2564 5584 2661 5635 καὶ
2708 5581 2985 5654 θεοφὸρων
3013 5586 3262 5656 ἀνδρῶν,
3314 5589 3592 5661 συνθήκην
3645 5590 3742 5661 τῆς

2191 5676 2523 5746 Ἐκκλησίας
2558 5684 2765 5749 κυινην,
2801 5680 3167 5751 ἐπανόρθωμα
3197 5681 3307 5735 τῶν
3339 5683 3607 5738 ἑκουσίων
3650 5684 3739 5739 καὶ

2178 5770 2286 5825 τῶν
2317 5771 2472 5840 παρά
2523 5768 2777 5843 βούλησιν
2828 5775 3270 5847 ἁμαρτημάτων,
3323 5777 3419 5831 καὶ
3468 5777 3741 5842 πολιτείας
