4016 6238
264 277 388 346 1005

633 390 814 462 ’Δρχὴ
845 391 951 447 τοῦ
989 394 1038 447 Ζ
1088 391 1413 463 στοιχείου.

260 585 383 656 ρίοις
414 580 837 650 ἐμϐαλλομένου.

322 676 384 747 β’.
417 675 548 746 Περὶ
580 675 902 749 ζωγραφίας
928 675 997 732 δι’
1015 674 1209 763 ἡδονῆς
1254 676 1356 738 τὰς
1409 673 1589 746 ψυχὰς
1625 676 1826 747 λυμαι-

639 1001 815 1073 Ἀρχὴ
839 1001 948 1058 τοῦ
989 1006 1042 1058 H
1077 1002 1430 1074 accipiam}

315 1127 385 1177 α’.
408 1119 548 1192 Περὶ
578 1121 924 1191 ἡγουμένων.

315 1213 380 1283 β’.
411 1213 543 1285 Περὶ
569 1213 668 1284 τῆς
691 1213 902 1284 ἡλικίας
933 1213 1040 1269 τῶν
1091 1214 1587 1287 χειροτονουμένων
1634 1212 1828 1284 κληρι-

245 1327 375 1365 κων.

316 1407 378 1472 γ’.
422 1401 560 1473 Περι
581 1400 676 1457 τοῦ
704 1403 800 1473 τῆς
828 1404 1041 1476 ἡμέρας
1069 1404 1459 1477 διαστήματος.

655 1541 837 1610 Ἀρχὴ
872 1539 980 1596 τοῦ
1002 1543 1047 1596 Θ
1091 1541 1417 1612 στοιχείου.

311 1661 382 1713 α’.
416 1656 554 1729 Περὶ
573 1656 817 1727 θεάτρων
854 1657 946 1710 καὶ
989 1656 1296 1729 θυμελικῶν
1357 1657 1633 1729 διαφόρων
1693 1675 1826 1712 παι-

241 1751 422 1818 γνίων.

311 1845 354 1921 β
407 1847 544 1918 Περὶ
578 1846 854 1916 θεολογίας
881 1846 973 1899 καὶ
995 1845 1278 1917 δρθοδόξου
1315 1849 1572 1910 πίστεως.

312 1944 378 2008 γ’.
407 1938 546 2009 Περὶ
577 1939 686 1993 τῶν
711 1938 882 2009 ἁγίων
911 1938 1276 2008 Θεοφινιίων.

307 2029 373 2086 δ’.
434 2032 576 2103 Περὶ⁸
625 2031 740 2085 τῶν
803 2031 1167 2102 θυσιαστήρια
1231 2033 1500 2088 ἱστάντων
1549 2032 1828 2105 κληρικῶν

240 2124 390 2193 παρά
418 2123 650 2194 γνώμην
677 2123 786 2176 τῶν
820 2123 1041 2177 οἰκείων
1072 2125 1414 2181 ἐπισκόπων.
1761 2111 1764 2114 ’

306 2215 372 2271 ε’.
413 2215 546 2271 Ὀτι
575 2217 656 2280 είς
687 2220 746 2270 τὸ
769 2215 924 2286 ἅγιον
947 2215 1335 2288 θυσιαστήριον
1365 2218 1683 2292 ἱερωμένοις
1734 2222 1831 2293 μό.

237 2330 348 2378 νοις
385 2311 700 2366 ἐπιϐαίνειν
729 2313 974 2381 ἀσφαλές
1004 2327 1019 2343 ⁸
1045 2310 1390 2383 εἰσέρχονται
1433 2313 1491 2368 δὲ
1521 2317 1617 2370 καὶ
1669 2315 1829 2388 βασι-

235 2408 370 2473 λεῖς,
401 2409 500 2462 ὅτε
527 2406 606 2462 ,τὰ
636 2407 786 2478 δῶρα
813 2409 879 2478 τῇ
918 2405 1037 2476 θείᾳ.
1062 2405 1316 2479 τραπέζῃ
1345 2406 1655 2479 προσοίσειν
1702 2405 1831 2481 μέλ-

235 2500 388 2555 λουσι
423 2517 436 2531 ·
465 2500 681 2564 λαῖκοῖς
715 2500 771 2555 δὲ
803 2499 835 2571 ἢ
861 2499 1111 2570 γυναιξὶν
1140 2499 1368 2555 εἰσιέναι
1400 2500 1720 2574 ἀπείρηται.

681 2639 855 2712 Ἆρχὴ
882 2640 990 2694 τοῦ
1016 2642 1053 2695 Ι
1077 2642 1404 2712 στοιχείου.

303 2765 377 2815 α’.
419 2758 566 2826 Περὶ
595 2755 758 2828 ἱερῶν
791 2755 1003 2809 σκευῶν
1031 2754 1129 2810 καὶ
1161 2755 1488 2827 ίεροσυλίας.

305 2852 374 2924 β’.
413 2854 547 2908 Ὀτι
576 2851 637 2904 οὐ
666 2851 748 2906 δεῖ
767 2850 912 2903 ἔνδον
937 2849 1049 2903 τῶν
1079 2849 1177 2904 τοῦ
1211 2849 1358 2917 ἱεροῦ
1399 2845 1831 2920 περιϐόλωντὰς

229 2946 544 3017 λεγομένας
583 2946 803 3013 ἁγάπας
849 2946 1058 3010 ποιεῖν,
1113 2943 1148 3016 ἢ
1197 2944 1469 3013 καπηλεῖα
1498 2939 1660 3009 εῖναι,
1714 2944 1750 3016 ἦ
1777 2961 1831 2998 τι

227 3041 356 3097 κατ’
380 3034 664 3111 ἐμπορίαν
696 3036 1034 3110 προτιθέναι,
1073 3037 1108 3106 ἢ
1141 3037 1335 3105 κτῆνος
1366 3038 1532 3107 χωρὶς
1573 3035 1827 3108 ἀνάγκης

226 3131 508 3200 εἰσάγειν,
542 3128 577 3198 ἧ
605 3145 727 3182 τινα
755 3126 895 3197 μετὰ
917 3126 1174 3197 γυναικὸς
1201 3126 1552 3197 καταμένειν.

301 3323 375 3388 τ’.
403 3316 549 3386 Περὶ
575 3314 674 3386 τῆς
707 3313 859 3377 θείας
904 3313 1243 3384 ἱερουργίας.

301 3410 359 3466 δ’.
400 3408 552 3481 Περὶ
592 3407 884 3474 Ἰουδαίων,
914 3407 1006 3460 καὶ
1032 3409 1116 3460 ὃτι
1150 3404 1270 3476 μετ’
1327 3405 1508 3459 αὐτῶν
1545 3404 1834 3458 κοινωνίαν

222 3503 366 3571 ὅλως
397 3505 555 3575 ἔχειν
582 3501 644 3555 οὑ
673 3502 757 3555 δεῖ
777 3500 905 3565 τοὺς
936 3499 1187 3562 πιστούς.

674 3637 851 3710 Ἀρχὴ
870 3638 981 3692 τοῦ
1010 3641 1063 3691 Κ
1080 3635 1412 3705 στοιχείου.

292 3767 370 3817 α’.
396 3757 551 3832 Περὶ
576 3754 686 3811 τῶν
711 3753 1152 3824 καθαιρεθέντων
1210 3752 1315 3823 ήδη
1370 3749 1689 3805 ἐπισκόπων
1735 3750 1834 3802 καὶ

218 3853 548 3925 κληρικῶν,
579 3848 677 3904 καὶ
711 3846 819 3902 ὑπὸ
857 3847 1043 3900 πόσων
1083 3844 1401 3899 ἐπισκόπων
1419 3841 1833 3914 καθαιροῦνται.

293 3949 366 4018 β.
396 3943 546 4014 Περὶ
601 3939 711 3997 τῶν
761 3937 1154 4008 καινιζομένων
1196 3939 1260 3990 ἐκ
1313 3934 1577 4007 βασιλέων
1630 3934 1853 4005 ἐκκληο,

220 4040 364 4096 σιῶν
390 4040 428 4110 ἢ
456 4037 698 4091 πόλεων.

288 4130 368 4201 γ’.
403 4127 554 4200 Περὶ
586 4123 972 4194 καινοτομιῶν.

289 4222 361 4280 δ’.
397 4220 552 4292 Περὶ
579 4219 895 4283 Καλανδῶν,
929 4217 1023 4272 καὶ
1059 4215 1457 4286 κληδονισμῶν.

288 4317 362 4374 ε’.
397 4314 550 4386 Περὶ
615 4313 858 4367 κανόνων
904 4307 1405 4378 ἐκκλησιαστικῶν,
1463 4308 1559 4361 καὶ
1610 4306 1834 4372 πόσους,

215 4411 319 4467 καὶ
352 4409 558 4472 ποίους
588 4405 668 4458 δεῖ
697 4406 929 4466 κανόνας
963 4405 1210 4472 κρατεῖν.

297 4501 374 4573 ς’.
417 4501 567 4576 Περὶ
592 4496 901 4552 κανονικοῦ.

290 4595 368 4660 ζ’,
415 4591 556 4646 Ὅτι
609 4590 692 4655 είς
725 4588 1024 4660 καπηλεῖον
1075 4587 1134 4641 οὐ
1179 4586 1263 4640 δεῖ
1303 4585 1394 4639 τὺν
1428 4585 1691 4656 κληρικδν
1718 4587 1835 4641 εἰσ-

215 4687 396 4743 ιέναι.

289 4779 371 4850 η’.
410 4776 561 4847 Περὶ
589 4773 968 4847 καρποφορίας
994 4773 1094 4843 τῆς
1127 4774 1206 4836 είς
1227 4773 1354 4836 τοὺς
1378 4773 1558 4838 θείους
1577 4774 1764 4840 ναούς.

293 4878 368 4930 θ’.
397 4873 551 4943 Περὶ
589 4870 925 4941 κατηγορίας
949 4869 1260 4921 ἐπισκόπων
1286 4871 1381 4920 καὶ
1407 4869 1508 4936 κλη
1520 4871 1708 4938 ρικῶν,
1742 4872 1837 4924 καὶ

211 4969 374 5034 τίνες
408 4968 501 5032 εἰς
537 4964 877 5034 κατηγορίαν
903 4960 1128 5025 δεκτέοι,
1161 4963 1252 5013 καὶ
1286 4963 1432 5025 τίνες
1466 4961 1702 5018 ἄδεκτοι.

295 5146 356 5204 ι’.
397 5144 550 5215 Περὶ
579 5161 818 5214 κατηχου
827 5145 1028 5213 μένων.

295 5237 402 5314 ια’.
437 5239 610 5301 Τίνας
635 5237 716 5291 δεῖ
755 5239 1111 5308 κληρονομεῖν
1134 5238 1201 5291 τὰ
1237 5238 1341 5291 ἴδια
1372 5238 1465 5292 τοῦ
1509 5244 1832 5305 επισκόπου.

297 5424 399 5497 ιβ’.
434 5420 582 5492 Περὶ
635 5420 1002 5492 κληρονομίας
1021 5421 1114 5475 καὶ
1135 5421 1470 5493 ἀποκλήρων
1510 5422 1712 5496 υἱῶν-,ἢ
1742 5440 1837 5494 γο-

208 5520 392 5576 νέων.

299 5607 405 5682 ιγ’.
435 5608 571 5660 ὀτι
600 5605 936 5677 κληροῦσθαι
963 5605 1044 5660 δεῖ
1081 5607 1176 5661 καὶ
1203 5607 1328 5671 τοὺς
1390 5607 1466 5680 μὴ
1523 5611 1836 5682 καταγομέ-

211 5721 354 5768 νους
393 5703 471 5755 ἐκ
516 5698 708 5766 γένους
737 5697 1041 5770 ἱερατικοῦ,
1062 5699 1111 5752 ει
1140 5697 1282 5764 ἄξιοι
1306 5694 1438 5755 εἷεν.

1540 280 1786 343 INDEX
1815 280 2179 346 CAPITUM.

637 409 814 462 ’Δρχη
845 409 951 447 του
989 409 1032 447 Δ
1088 409 1413 463 στοιχειου.
1851 409 1904 464 Α

321 486 386 544 α’.
409 486 542 558 Περὶ
570 486 662 541 τοῦ
691 486 908 552 ζέοντος
932 484 1124 550 ὓδατος
1147 484 1245 540 τοῦ
1264 489 1394 551 τοῖς
1422 485 1590 552 θείοις
1615 505 1826 561 μυστη-
1851 490 1854 493 ’

3377 282 3512 348 1006

2449 398 2672 454 Initium
2710 398 2900 455 littera.
2929 400 2994 455 Ζ.

2003 495 2055 547 1.
2113 491 2188 548 De
2219 490 2463 549 fervente
2491 507 2641 564 aqua
2672 491 2850 550 sacris
2878 492 3157 563 mysteriis
3190 491 3507 562 injicienda.

1998 674 2054 729 2.
2085 674 2159 728 De
2213 673 2446 744 picturis
2477 686 2574 742 per
2621 671 2958 742 voluptatem
3004 670 3240 728 animam
3264 687 3516 726 corrum-

1928 767 2204 837 pentibus.

1998 863 2056 917 ὅ.
2094 861 2171 916 De
2220 860 2286 916 iis
2325 860 2418 932 qui
2470 874 2595 916 cum
2645 858 2834 915 bestiis
2871 873 2989 914 rem
3030 857 3360 914 habuerunt.

2433 999 2655 1054 Initium
2717 997 2912 1054 littera:
2943 1001 3012 1053 II.

2004 1117 2055 1172 1.
2088 1115 2163 1171 De
2192 1115 2484 1187 pumicatis.

1999 1208 2053 1264 2.
2088 1209 2162 1265 De
2191 1226 2377 1266 eorum
2415 1219 2598 1275 aetate,
2636 1211 2730 1280 qui
2775 1209 2958 1266 clerici
3019 1216 3146 1263 sunt
3201 1207 3509 1265 ordinandi.

2000 1396 2055 1452 5.
2090 1395 2165 1452 De
2193 1394 2295 1451 dici
2329 1394 2524 1464 spatio.

2445 1533 2670 1590 Initium
2717 1535 2913 1591 (imm
2947 1538 2992 1590 Θ

2004 1657 2055 1710 1.
2099 1655 2172 1711 De
2203 1653 2435 1712 theatris
2468 1661 2522 1709 et
2555 1653 2786 1710 diversis
2810 1655 3043 1713 scenicis
3075 1656 3235 1714 ludis.

2004 1837 2062 1893 2.
2095 1837 2169 1892 De
2202 1836 2472 1908 theologia
2508 1846 2563 1892 et
2592 1834 2898 1892 orthodoxa
2929 1833 3056 1892 (ide.

2001 1931 2054 1986 5.
2101 1931 2176 1986 De
2205 1931 2417 1987 sanctis
2434 1929 2826 2001 Tlteopltaniis.

2005 2026 2062 2081 4.
2097 2022 2170 2079 De
2199 2021 2439 2088 clericis,
2484 2024 2577 2095 qni
2628 2035 2823 2094 prater
2851 2039 3076 2080 suorum
3134 2025 3516 2096 episcoporum

1932 2118 2254 2175 sententiam
2283 2117 2473 2172 altaria
2505 2127 2769 2176 statuunt.

2003 2205 2056 2261 5.-
2093 2204 2246 2272 Quod
2274 2208 2340 2262 ad
2369 2224 2588 2265 sacrum
2613 2208 2787 2266 altare
2807 2211 3039 2266 sacratis
3063 2210 3195 2267 solis
3217 2212 3516 2266 ascendere

1935 2300 2267 2373 permittitur
2291 2321 2307 2370 ;
2341 2289 2720 2376 ingrediuntur
2740 2320 2867 2361 vero
2889 2306 3271 2374 imperatores,
3295 2308 3514 2377 quando

1933 2394 2000 2467 ad
2021 2400 2241 2453 sacram
2285 2412 2532 2453 mensam
2564 2398 2704 2454 dona
2754 2399 2990 2455 oblaturi
3021 2412 3189 2466 sunt;
3220 2400 3378 2456 laticis
3417 2414 3517 2456 au-

1935 2496 2068 2558 tem,
2096 2489 2183 2545 vel
2230 2489 2553 2550 mulieribus
2584 2491 2796 2565 ingredi
2827 2492 3169 2562 prohibetur.

2448 2632 2671 2688 Initium
2705 2691 2709 2695 ,
2739 2634 2930 2691 litterae
2966 2634 2998 2688 Ι

2009 2751 2064 2810 l.
2094 2752 2172 2808 De
2209 2753 2381 2809 sacris
2409 2755 2556 2810 vasis
2579 2765 2630 2810 et
2658 2755 2968 2828 sacrilegio.

2007 2843 2061 2900 2.
2097 2845 2252 2914 Quod
2277 2861 2382 2901 non
2402 2858 2618 2918 oportet
2654 2849 2796 2904 intra
2829 2851 3014 2922 templi
3045 2853 3283 2908 ambitus
3317 2867 3518 2924 agapas

1935 2939 2114 2996 dictas
2156 2938 2453 3007 celebrare,
2493 2942 2576 2996 vel
2606 2958 2884 3015 cauponas
2911 2961 3056 3010 esse,
3099 2945 3184 3003 vel
3218 2946 3420 3015 aliquid
3452 2949 3521 3002 ad

1937 3042 2301 3088 mercaturam
2345 3049 2640 3104 exponere,
2680 3036 2761 3091 vel
2808 3036 3115 3107 iumentum
3170 3040 3376 3108 absque
3426 3057 3524 3094 nc-

1861 3141 1904 3200 c
1936 3124 2193 3181 cessitate
2224 3125 2592 3196 introducere,
2629 3129 2716 3185 vel
2755 3130 2992 3202 aliquem
3025 3146 3147 3186 cum
3185 3131 3412 3188 muliere
3436 3148 3522 3188 ro-

1940 3233 2184 3274 manere.

2009 3312 2079 3367 '5.
2097 3310 2172 3368 De
2199 3326 2361 3366 sacro
2391 3311 2716 3369 ministerio.

2007 3405 2063 3460 4.
2112 3404 2187 3459 De
2214 3404 2440 3471 Judaeis.
2473 3415 2530 3462 et
2566 3409 2709 3477 quod
2755 3422 2862 3463 non
2914 3419 3151 3479 oportet:
3182 3409 3367 3468 ﬁdeles
3399 3427 3522 3469 cum

1936 3497 2008 3555 iis
2035 3497 2261 3554 omnino
2287 3500 2733 3557 communionem
2773 3500 2995 3558 habere.

2441 3635 2670 3692 Initium
2732 3639 2926 3693 litterae
2954 3641 3024 3694 K.

2012 3751 2068 3805 t.
2098 3749 2173 3805 De
2207 3749 2472 3819 depositis
2530 3752 2803 3823 episcopis
2845 3763 2902 3809 et
2931 3752 3171 3822 clericis,
3227 3765 3283 3812 et
3328 3769 3362 3811 a
3394 3767 3527 3825 quot

1937 3841 2213 3912 episcopis
2243 3843 2615 3910 deponuntur.

2005 3931 2060 3987 2.
2104 3932 2179 3991 De
2201 3933 2450 3991 ecclesiis
2474 3934 2816 3993 velurbibus
2857 3937 2926 3994 ab
2979 3937 3409 4010 imperatoribus
3455 3945 3525 3999 de

1937 4039 2083 4082 novo
2107 4028 2427 4083 exstructis.

2007 4119 2063 4173 5.
2104 4117 2182 4174 De
2212 4119 2674 4181 innovationibtts.

1953 4217 1957 4220 ‘
2007 4211 2062 4266 4.
2098 4206 2176 4268 De
2203 4212 2463 4270 Kalendis
2489 4227 2544 4272 et
2573 4219 3020 4279 divinationibua.

1971 4365 1973 4367 ,
2008 4303 2062 4360 5.
2097 4302 2174 4361 De
2199 4309 2500 4366 canonibus
2546 4312 2957 4383 ecclesiasticis,
2986 4327 3043 4373 et
3098 4328 3234 4389 quot
3281 4335 3522 4377 canoncs

1945 4397 2133 4454 valere
2157 4412 2393 4470 oportet.

2009 4493 2063 4548 6.
2108 4493 2184 4550 De
2211 4497 2498 4554 canonico.

2010 4586 2068 4642 Ἰ.
2119 4586 2278 4653 Quod
2342 4589 2602 4645 clericum
2644 4591 2700 4647 in
2759 4609 3061 4666 cauponam
3133 4597 3344 4668 ingredi
3413 4617 3520 4656 non

1939 4679 2118 4735 decet.

2007 4773 2061 4829 8.
2102 4773 2178 4830 De
2209 4774 2474 4831 fructibus
2507 4778 2559 4832 in
2601 4779 2781 4834 divina
2818 4782 3019 4851 templa
3057 4781 3370 4839 oﬂcrettdis.

2011 4870 2065 4921 9.
2120 4866 2194 4920 De
2241 4868 2616 4938 episcoporum
2657 4882 2712 4926 et
2749 4872 3072 4930 clericorum
3133 4877 3520 4945 accusatione;

1938 4970 1995 5016 et
2027 4961 2248 5030 quinam
2279 4964 2346 5017 ad
2409 4967 2812 5022 accusationem
2873 4969 3193 5026 admittendi
3261 4981 3411 5041 sunt,
3465 4984 3522 5029 et

1940 5054 2165 5124 quinam
2197 5069 2302 5108 non
2339 5057 2683 5114 admittettdi.

2015 5149 2104 5204 10.
2136 5148 2210 5204 De
2237 5151 2664 5206 catechutnenis.

2011 5239 2101 5294 tt.
2149 5239 2380 5306 Quinam
2448 5240 2651 5297 debent
2701 5259 2880 5300 rerum
2943 5249 3183 5321 episconi
3269 5252 3518 5313 ltteredcs

1939 5333 2218 5388 constitui.

2011 5424 2099 5479 12.
2136 5424 2211 5481 De
2240 5425 2576 5492 haereditate,
2624 5439 2678 5483 et
2713 5429 3092 5491 exltaaredibus
3125 5437 3251 5494 aliis
3284 5454 3377 5494 aut
3423 5457 3518 5507 νει-

1939 5520 2207 5573 rentibus.

2011 5611 2101 5666 l5.
2136 5613 2290 5676 Quod
2325 5613 2379 5666 in
2440 5613 2643 5670 clerum
2687 5618 2931 5674 ordinari
2984 5633 3198 5692 oportet
3257 5642 3373 5687 eos.
3425 5631 3519 5695 qui

1938 5707 2105 5759 etiam
2139 5706 2208 5762 ad
2236 5720 2408 5776 genus
2440 5707 2782 5766 sacerdotale
2814 5725 2920 5768 non
2955 5713 3290 5782 referuntur,
3333 5718 3379 5772 si
3436 5720 3519 5775 di-

1944 5813 2033 5858 ειη
2071 5810 2202 5854 διιιι.
